2926 5034
648 538 694 606 to

185 709 248 790 tria
282 719 477 811 praesertim
511 718 597 788 bane
631 711 777 809 speciem
814 715 931 786 mortis
958 715 1158 808 perscrutati

186 843 282 911 sunt,
317 853 450 922 semper
477 840 509 899 et
535 829 687 900 absolute
712 838 857 898 mortem
885 827 1049 922 asphyxia
1074 850 1158 919 pro-

187 944 264 1015 duci
288 943 417 1012 volunt.
938 965 942 974 ’

237 1057 365 1126 Omnes
401 1054 553 1126 diversae
586 1054 764 1147 opiniones
788 1052 883 1124 facile
908 1053 943 1122 in
968 1052 1052 1122 baec
1076 1075 1162 1144 qua-

188 1179 268 1239 tuor
304 1191 430 1260 genera
465 1166 660 1236 referendae
697 1175 798 1247 sunt,
845 1176 879 1236 et
914 1174 987 1234 tum
1026 1185 1161 1234 causam

189 1282 307 1352 mortis
334 1304 396 1374 per
421 1281 678 1372 suspensionem
704 1288 762 1348 aut
785 1277 1082 1370 strangulationem
1099 1275 1163 1346 ba·

187 1395 360 1464 bebimus:

242 1509 274 1576 1.
300 1509 445 1577 Mortem
471 1503 653 1596 apoplexia
677 1503 889 1596 productam.

236 1623 271 1689 2.
370 1673 392 1712 „
468 1616 632 1709 asphyxia
689 1615 901 1708 productam.
976 1611 1166 1708 (Impeditio

469 1728 662 1798 mechanica
685 1727 939 1823 respirationis).

240 1847 273 1915 3.
376 1895 397 1935 ,,
473 1841 646 1910 luxatione
671 1840 903 1912 vertebrarum
925 1839 1020 1922 colli,
1047 1848 1081 1908 et
1095 1838 1167 1908 lae-

472 1953 569 2023 sione
593 1951 771 2023 medullae.
1261 1937 1267 1946 ⁵

241 2069 275 2136 l.
377 2119 399 2158 ,,
476 2065 729 2158 compressione
770 2085 931 2134 vasorum
964 2083 1167 2133 nervorum-

193 2202 270 2272 que.

239 2287 426 2382 Separatim
452 2286 513 2356 has
539 2286 716 2379 opiniones
741 2297 1002 2378 perscrutemur.

240 2403 266 2470 l.
316 2402 417 2470 Mons
444 2421 639 2470 crornnxm
663 2420 856 2469 rnonucm.

240 2514 356 2596 Quum
382 2513 458 2582 dico
486 2499 715 2605 opoplcctiom,
749 2511 901 2605 significo
927 2533 1061 2604 semper
1077 2533 1163 2604 apo-

109 2654 113 2664 *
191 2626 340 2720 plexiam
373 2648 489 2694 veram
524 2625 761 2716 sanguineam,
796 2633 830 2692 et
861 2625 997 2694 minime
1023 2623 1165 2716 apople-

192 2739 284 2808 xiam
300 2757 500 2817 nervosam,
527 2736 742 2826 apoplexiam
759 2757 933 2817 serosam,
951 2736 1165 2827 apoplexiam

193 2873 237 2918 ex
268 2849 451 2920 inanitione
484 2871 664 2929 vasorum,
707 2857 765 2918 aut
799 2849 1013 2940 apoplexiam
1038 2871 1164 2917 nervo-

192 2985 264 3033 sam
298 2985 341 3031 cx
374 2961 521 3054 paralysi
555 2960 706 3040 cerebri;
742 2985 829 3055 quae
856 2961 1008 3032 diversae
1035 2961 1163 3053 species

190 3099 212 3144 a
243 3074 355 3144 multis
393 3072 530 3143 medicis
566 3073 833 3166 distinguuntur,
878 3075 937 3145 sed
970 3098 1054 3170 quas
1088 3097 1166 3146 mea

192 3185 399 3256 imbecillitas
432 3210 617 3280 numquam
651 3186 937 3278 comprehendere
966 3211 1078 3282 neque
1103 3187 1165 3258 ad-

189 3301 322 3369 mittere
348 3299 472 3390 potuit.

243 3411 431 3502 Scriptores
465 3409 665 3502 principales
701 3409 759 3502 qui
784 3419 930 3479 mortem
955 3434 999 3480 ex
1024 3410 1166 3502 apople-

194 3521 251 3592 xia
284 3522 453 3591 deducunt
485 3521 519 3590 in
561 3522 779 3594 annotatione
818 3547 979 3594 enumero
1006 3521 1071 3618 (1):
1111 3547 1167 3595 ar·

231 3771 280 3849 (l)
300 3772 441 3829 Avicenna
461 3775 510 3830 lib.
531 3771 558 3831 3.
577 3785 662 3832 tract.
685 3773 703 3831 5
723 3778 758 3833 dc
777 3775 914 3852 Apoplex.
933 3775 1058 3838 Venetiis
1079 3773 1167 3849 1582,

190 3861 413 3921 lBrrrnrorus
434 3866 468 3920 de
487 3864 590 3940 Apopl.
619 3864 721 3924 Vener.
744 3865 835 3938 1500,
866 3865 1053 3924 Scronraoua
1072 3871 1106 3925 de
1126 3866 1167 3925 A-

189 3957 267 4031 popl.
297 3966 381 4012 tract.
402 3952 470 4028 Cap.
493 3954 518 4011 l.
541 3953 634 4027 1560,
661 3955 786 4014 Nruurr
812 3961 842 4014 in
871 3955 979 4015 Gomrn.
1009 3961 1043 4016 de
1062 3959 1166 4035 Apopl.

187 4043 368 4121 Wlttenberg
400 4043 494 4116 1629,
520 4045 706 4105 Ronauarrus
736 4050 825 4124 prael.
845 4051 924 4106 acad.
944 4051 975 4104 in
994 4069 1077 4125 prop.
1096 4054 1162 4106 inst.

192 4138 231 4190 rei
248 4138 323 4194 med.
342 4155 395 4193 nec
423 4157 482 4193 non
510 4139 540 4192 in
566 4140 654 4211 prael.
681 4140 715 4195 de
733 4139 826 4194 morb.
854 4159 932 4196 nerv.
959 4160 976 4196 a
1004 4144 1080 4198 doct.
1110 4157 1166 4198 1111

196 4222 272 4282 Erus
302 4227 368 4281 edit.
398 4249 425 4301 p.
447 4225 501 4297 33,
529 4225 606 4284 Brco
635 4245 671 4284 nr
692 4227 880 4301 vacarum,
907 4229 1029 4288 Historia
1047 4234 1118 4288 vitae
1139 4244 1167 4288 et
