2922 5024
783 505 851 574 tta

375 695 410 762 2.
451 680 589 760 infamia
622 707 683 780 per
717 707 754 754 se
788 707 923 777 semper
947 693 1112 778 perpetua
1138 695 1211 766 est,
1245 683 1297 754 in-

327 803 427 876 famia
452 798 647 894 temporalis
673 808 725 875 est
749 797 926 869 anomalia.

376 916 410 986 3.
434 913 589 984 'Infamia
614 935 701 1005 quae
726 907 961 982 tantummodo
985 908 1156 980 hominem
1182 933 1300 980 mora-

328 1029 395 1099 lem
427 1025 561 1096 laedere
594 1033 727 1117 potest,
748 1022 882 1106 ¹multis
915 1021 1074 1093 maleficis
1099 1019 1298 1092 nullomodo
1414 1023 1416 1028 ’

326 1163 439 1236 poena
464 1138 537 1208 erit.

377 1254 412 1324 d.
452 1251 668 1344 Quamquam
700 1248 837 1320 infamia
871 1248 1005 1342 saepius
1030 1245 1218 1318 maleficum
1242 1247 1299 1340 ip-

327 1389 403 1436 sum
439 1363 575 1434 laedere
608 1385 678 1432 non
716 1363 825 1444 valet,
872 1371 985 1434 tamen
1016 1360 1229 1456 propinquos
1262 1369 1297 1430 et

325 1480 440 1551 affines
467 1477 539 1571 ejus
564 1475 725 1546 indirecte
749 1475 860 1545 laedit.

376 1595 410 1662 ὅ.
447 1589 588 1660 Infamia
619 1586 738 1656 iisdem
769 1586 963 1658 criminibus
989 1587 1190 1669 constituta,
1226 1599 1297 1656 non

325 1726 437 1796 aequo
463 1700 567 1772 modo
593 1698 745 1769 diversos
770 1698 939 1768 maleficos
964 1699 1098 1770 laedere
1121 1709 1246 1794 potest.

375 1817 584 1886 Faunanacn
617 1833 723 1905 quum
747 1810 799 1888 ¹de
827 1807 879 1881 his
910 1812 997 1907 agit,
1035 1837 1111 1885 mea
1137 1813 1298 1908 opinione

327 1927 574 2000 distinctionem
598 1924 696 1994 nimis
722 1923 939 1998 theoreticam
966 1927 1157 2011 constituit,
1192 1949 1297 2021 quum

326 2063 455 2135 poenas
487 2039 662 2133 psychicus
688 2037 821 2108 dividit:

376 2156 408 2224 f.
458 2153 496 2221 ln
522 2173 650 2243 poenas
676 2150 874 2221 infamantes
909 2173 997 2244 quae
1025 2151 1196 2224 infamiam
1219 2151 1298 2245 ple·

321 2263 495 2335 nissimam
519 2263 730 2357 producunt,
755 2273 795 2334 ut
820 2273 872 2334 est
895 2285 928 2334 v.
955 2289 984 2335 c.
1010 2263 1191 2359 expositio.

371 2381 407 2448 2.
457 2377 588 2448 Poenas
614 2378 812 2449 infamantes
839 2399 926 2469 quae
942 2377 1112 2448 infamiam
1128 2399 1193 2469 pro
1209 2399 1293 2471 pur-

322 2501 356 2562 te
382 2490 611 2571 constituunt‚
636 2500 674 2559 ut
691 2501 743 2558 ost
766 2512 799 2560 v.
825 2514 854 2559 c.
881 2488 1088 2581 degradatio.

371 2605 564 2696 Numquam
596 2601 680 2672 haec
712 2600 833 2671 divisio
868 2600 1043 2672 arbitraria
1076 2609 1110 2671 et
1134 2621 1203 2672 non
1229 2625 1293 2672 ex-

323 2725 414 2787 stans
449 2715 663 2787 admittenda.
726 2716 817 2785 Num
846 2714 960 2786 existit
983 2717 1128 2786 fortasse
1153 2737 1293 2786 mensu-

322 2853 361 2902 ra
386 2830 572 2899 communis
599 2851 685 2920 quae
710 2827 858 2897 indicare
883 2838 1017 2920 posset,
1044 2839 1206 2921 quantum
1232 2828 1295 2898 ali-

323 2941 377 3010 cui
419 2939 559 3007 honoris
601 2947 659 3006 aut
693 2937 948 3008 existimationis
982 2941 1200 3010 auferendum
1234 2941 1296 3025 sit,

322 3061 360 3121 ut
385 3051 483 3144 plane
509 3059 567 3119 aut
591 3071 655 3142 pro
683 3047 819 3118 dimidia
842 3059 938 3142 parte
962 3049 1093 3120 infamis
1120 3053 1188 3121 sit?

373 3163 503 3246 Credo,
537 3161 628 3255 apud
653 3168 821 3230 nostrates
856 3171 1055 3256 sequentem
1092 3163 1293 3238 divisionem

323 3277 515 3349 universam
540 3275 668 3346 institui
693 3297 816 3368 posse:

377 3393 426 3461 t.
459 3392 600 3494 Pontum¹
621 3409 808 3460 rsucnrcan
833 3409 1027 3472 smannens,
1051 3413 1190 3485 nempe:
1229 3417 1292 3464 ex-

324 3503 475 3598 positio,
509 3503 652 3596 stigma,
679 3501 876 3582 defamati0‚
903 3499 1097 3599 degradatio
1133 3511 1167 3576 et
1192 3531 1293 3578 exse.

325 3618 476 3688 cutiones
501 3617 534 3686 in
562 3615 680 3708 effigie.

375 3733 409 3799 2.
459 3731 598 3798 Ponuan
622 3748 809 3799 rsrcnrcan
837 3747 925 3806 onan
956 3749 1086 3801 nosris
1112 3753 1294 3804 connom-

325 3863 386 3914 tns
420 3864 583 3925 arnonus,
625 3865 659 3912 v.
694 3865 722 3910 o.
757 3840 881 3910 rotatio
917 3843 1006 3912 ensis
1041 3867 1143 3937 supra
1177 3857 1296 3939 caput,

327 3965 361 4025 et
385 3956 526 4048 laqueus
562 3955 688 4026 circum
719 3952 843 4022 collum
876 3956 1076 4028 constrictus
1113 3957 1148 4028 in
1173 3981 1297 4053 aggra-
1431 3997 1436 4008 <

325 4069 493 4142 sationem
520 4066 743 4161 instigationis
769 4089 910 4158 poenae.
1025 4125 1028 4132 .
