2922 5024
646 517 714 584 123

190 711 268 780 tur,
308 709 341 768 et
374 698 571 768 violationes
612 698 759 768 minores
794 721 862 766 non
897 698 1057 766 severiter
1096 721 1161 789 pu·

191 813 336 881 niantur.

241 926 406 994 Snenusro
442 945 614 994 couuuus
648 943 831 992 canturam
866 941 935 992 cuu
961 941 1074 990 ornus
1100 943 1164 992 co·

190 1059 281 1107 noro
323 1056 468 1105 nummo
507 1057 712 1105 comunem.
764 1035 915 1104 Seclusio
952 1033 1006 1103 cui
1039 1056 1163 1102 nomen

191 1152 345 1230 Bruttus,
371 1171 477 1240 opera
500 1148 787 1218 munimentorum
811 1146 1016 1217 militarium.

240 1265 292 1332 De
330 1261 381 1330 his
415 1263 601 1341 Burrum,
636 1262 753 1330 tlte'ort'e
778 1263 832 1328 des
852 1261 963 1350 prices
988 1275 1017 1328 et
1041 1260 1165 1328 re'ccm-

186 1397 317 1467 penses,
360 1388 434 1443 tom.
467 1376 485 1442 t
524 1397 557 1464 p.
583 1375 648 1442 t89
684 1372 755 1464 jam
781 1372 976 1442 annotavit:
1027 1373 1166 1459 „Dans

191 1535 214 1576 „
238 1487 287 1554 les
322 1495 466 1555 travaux
497 1485 650 1576 publius,
684 1485 840 1554 l'inlamie
869 1485 916 1554 de
948 1484 981 1554 la
1005 1463 1166 1576 publicitti

191 1649 214 1689 „
239 1599 319 1668 tend
352 1598 427 1690 plus
461 1599 482 1669 a
507 1599 671 1690 depraver
695 1596 744 1666 les
769 1596 957 1679 individus‚
992 1620 1059 1690 que
1083 1596 1167 1666 l'ha·

190 1767 213 1806 „
238 1711 354 1780 hitudc
392 1711 437 1780 du
475 1711 593 1780 travail
631 1733 674 1780 ne
711 1709 792 1778 tend
829 1711 850 1781 a
885 1710 934 1780 les
972 1710 1165 1780 reformer.”

193 1824 296 1907 Quod
329 1823 480 1916 quotidie
512 1823 547 1892 in
583 1823 689 1894 Gallia
722 1822 956 1892 confirmatum
990 1823 1166 1903 videmus,

193 1937 250 2006 uni
287 1939 421 2006 Baonus
457 1934 662 2005 considerari
695 1943 861 2026 possunt,
904 1943 942 2002 ut
976 1935 1166 2006 academiae

193 2050 251 2119 ubi
285 2048 439 2119 educatio
474 2047 653 2118 criminalis
688 2047 794 2139 magis
821 2047 1002 2138 expolitur.
1055 2047 1166 2118 Credo

191 2163 360 2231 neminem
392 2160 453 2228 has
486 2160 710 2230 institutiones
745 2160 861 2252 quales
897 2161 1063 2243 existunt,
1104 2161 1166 2230 de-

191 2275 327 2344 fendere
361 2271 505 2352 audere,
540 2282 574 2340 et
608 2295 812 2365 quamquam
842 2275 994 2344 nondum
1021 2274 1165 2344 abolitae

193 2397 293 2467 sunt,
327 2409 395 2455 una
421 2406 505 2453 voce
531 2393 643 2454 tamen
669 2385 945 2454 condemnantur.

242 2499 358 2582 Quum
397 2507 509 2568 autem
547 2497 721 2590 quaeritur
758 2522 801 2568 au
826 2498 943 2568 vitium
969 2497 1105 2568 haereat
1130 2497 1165 2566 iu

191 2635 297 2704 opere
325 2620 443 2680 coacto
470 2609 624 2698 publico,
650 2611 731 2679 illud
756 2612 948 2702 negandum
972 2621 1077 2703 puto,
1105 2610 1165 2680 sed

194 2723 364 2794 contendo
402 2721 519 2790 vitium
557 2731 712 2790 constare
746 2724 850 2791 modo
884 2745 953 2815 quo
986 2723 1053 2792 hoe
1087 2746 1164 2814 sys-

96 2927 100 2940 .
193 2849 284 2907 tema
318 2834 523 2905 adhiheatur.
574 2833 729 2903 Instituta
762 2835 918 2926 poenalia
941 2837 1075 2906 Bnenns
1100 2859 1165 2906 vo-

193 2960 289 3034 cata,
322 2949 358 3018 in
392 2948 497 3018 Gallia
530 2958 619 3016 certe
644 2957 815 3040 tamquam
842 2950 1033 3040 exemplum
1058 2949 1165 3018 citan-

194 3065 237 3135 da
286 3073 385 3143 sunt,
441 3060 597 3130 omnihus
639 3060 698 3152 qui
741 3061 821 3132 vitia
863 3062 1015 3153 capitalia
1052 3061 1166 3132 omnia

191 3199 332 3270 prorsus
366 3175 563 3267 conjuncta,
598 3174 632 3241 in
667 3194 812 3263 poenam
837 3196 939 3242 unam
965 3174 1079 3242 videre
1104 3175 1165 3244 de-

192 3291 350 3359 siderant.
431 3289 462 3356 1.
506 3285 724 3355 Consuetudo
773 3285 932 3354 continua
973 3294 1007 3353 et
1049 3297 1166 3355 coacta

192 3401 305 3492 magni
329 3399 460 3468 numeri
484 3398 731 3479 maleficorum,
759 3397 817 3489 qui
841 3395 888 3464 ihi
913 3397 1085 3468 consortia
1108 3398 1164 3466 lu-

194 3526 271 3584 tura
304 3511 485 3581 criminalia
515 3510 625 3580 moliri
650 3511 745 3580 facile
770 3517 924 3602 possunt.
975 3513 1009 3578 2.
1045 3510 1165 3580 Conti-

195 3651 263 3696 nua
297 3623 466 3716 expositio
502 3624 656 3693 infamiae
691 3625 816 3715 vrdgo‚
860 3609 957 3716 quod
987 3646 1094 3716 aeque
1128 3647 1168 3692 ac

192 3738 334 3808 malefici
358 3737 441 3828 ipsi,
467 3736 545 3806 huic
570 3737 742 3806 assuescit.
795 3737 828 3806 3.
855 3737 945 3806 Nulli
967 3746 1105 3806 conatus
1124 3737 1167 3806 ad

195 3850 482 3923 ameliorationem
514 3849 675 3918 moralem
710 3847 932 3939 captivorum.
991 3851 1025 3918 lt.
1060 3852 1166 3919 Prae-

192 3965 260 4036 mia
293 3974 326 4034 et
359 3985 490 4055 poenae
522 3962 658 4032 minime
685 3983 790 4051 scopo
816 3961 996 4052 proposito
1023 3985 1167 4053 respon-

195 4077 320 4147 dentes.
372 4081 404 4146 5.
440 4077 576 4146 Sumtus
611 4073 777 4167 majores,
812 4082 845 4142 et
871 4073 1045 4144 difficultas
1072 4096 1166 4142 sum-

195 4213 249 4260 ma
287 4201 324 4260 ut
358 4198 566 4282 occupentur
600 4187 759 4278 operibus
785 4185 915 4256 lucrum
942 4184 1166 4256 afferentibus.
