2922 5024
296 695 436 787 jungat,
462 689 587 786 quibus
613 689 669 760 lex
695 691 916 785 inperpetuo
935 695 1102 766 concessit
1119 719 1178 768 eos
1192 719 1277 768 eon-

179 901 182 910 λ
300 818 458 876 temnere.
510 803 704 874 Coneludo:
732 805 815 876 haee
841 828 952 897 poene
977 829 1112 880 omnem
1138 831 1274 882 sensum
1330 893 1335 902 Ι
1441 883 1442 890 ¹

300 918 470 1010 dignitatis
496 916 700 988 laudabilem
724 919 824 1010 plane
851 918 1018 1010 extinguit
1041 921 1071 990 si
1087 921 1197 994 adhue
1214 946 1277 992 ex-

301 1031 430 1111 sonat,
474 1039 507 1099 et
540 1030 669 1100 nullum
695 1030 911 1102 commodum
944 1031 980 1100 in
1014 1033 1114 1124 proxi
1145 1035 1277 1127 produ-

301 1144 356 1214 eit.
401 1141 448 1238 (1)
507 1142 696 1234 Legislntor
731 1143 876 1214 Gallicus
909 1144 1043 1214 videtur
1079 1170 1143 1238 pro
1180 1157 1277 1239 parte

299 1256 522 1336 intellexisse,
548 1255 634 1325 hano
658 1275 805 1346 poenam
829 1255 899 1325 vim
923 1258 1146 1350 perniciosam
1171 1281 1274 1328 exer-

301 1392 378 1438 cere
410 1369 446 1438 in
485 1389 623 1438 sensnm
654 1367 838 1448 moralem,
881 1391 958 1438 cnm
990 1370 1025 1439 in
1049 1370 1114 1440 fine
1140 1379 1202 1439 art.
1228 1374 1278 1440 22

302 1481 388 1550 God.
423 1481 527 1549 Poen.
563 1479 664 1549 dicit:
707 1529 730 1568 „
756 1480 938 1548 Neamoins
970 1481 1187 1574 l'exposition
1210 1505 1278 1576 pu·

300 1645 323 1684 „
349 1593 463 1686 blique
496 1615 539 1661 ne
575 1615 651 1662 sera
674 1590 796 1683 jamnis
823 1595 998 1682 prononoe
1022 1595 1044 1664 d
1067 1594 1193 1686 l’egard
1219 1595 1277 1666 des

299 1753 322 1795 „
348 1704 498 1772 mineurs
534 1703 575 1772 de
602 1702 734 1773 dixhuit
760 1723 819 1771 ans
846 1711 880 1772 et
905 1702 963 1772 des
990 1707 1276 1798 septuagenaires.

301 1817 404 1899 Quod
431 1817 473 1887 ad
499 1801 850 1886 senectutem'attinet
885 1838 971 1907 quae
1003 1839 1066 1908 per
1091 1842 1128 1889 se
1153 1843 1275 1890 veren-

300 1929 344 1999 da
369 1939 447 2010 est,
485 1937 609 2000 natura
642 1927 740 1997 alieni
774 1949 889 1998 sumus
928 1928 969 1996 ab
1002 1931 1074 2000 eius
1101 1931 1276 2002 delameti-

300 2063 377 2110 one.
428 2043 502 2112 Lex
527 2040 679 2132 poenalis
706 2049 824 2110 noster
848 2039 884 2108 in
910 2049 972 2110 art.
1000 2044 1047 2114 68
1073 2053 1106 2114 et
1132 2055 1193 2114 art.
1216 2048 1272 2116 12.

298 2154 423 2224 Besluit
455 2155 490 2222 ll
514 2154 592 2222 Dec.
618 2151 716 2222 1815.
754 2152 846 2222 idem
880 2154 997 2226 statuit
1022 2156 1064 2226 de
1089 2158 1275 2231 minoribus

301 2264 345 2332 16
373 2286 550 2334 annorum.

348 2377 415 2447 Sed
444 2377 516 2471 jam
550 2377 631 2448 satis
666 2377 707 2445 de
740 2377 804 2447 hae
838 2400 971 2468 poena,
1005 2401 1083 2448 mea
1108 2383 1269 2473 opinione

297 2489 396 2580 plane
445 2489 686 2580 improbanda:
743 2510 843 2578 spero
894 2490 968 2558 fore
1009 2499 1048 2558 ut
1090 2493 1268 2566 modifica-

295 2612 387 2672 tores
429 2610 488 2670 aut
527 2600 737 2692 legislatores
776 2600 900 2670 oodiois
934 2601 1086 2694 poenalis
1120 2606 1201 2674 novi
1234 2607 1270 2677 in

296 2713 406 2806 patria
446 2723 582 2796 nostre,
626 2714 818 2806 exemplum
858 2714 998 2784 Parmae
1040 2725 1075 2786 et
1113 2718 1270 2792 Austriee

296 2825 561 2896 animadvertere
587 2825 707 2906 velint,
742 2826 799 2894 ubi
824 2848 939 2894 mense
965 2828 1076 2898 Martii
1106 2830 1201 2900 1811
1228 2856 1269 2902 a·

297 2937 401 3006 bolita
425 2937 497 3004 fuit.

335 3227 383 3305 (l)
413 3225 450 3284 m
476 3240 572 3284 tamen
601 3229 669 3285 haec
687 3247 778 3303 poene
798 3247 878 3303 saepe
897 3229 1010 3285 defensa
1034 3241 1075 3286 est
1095 3231 1131 3287 ab
1151 3231 1273 3287 homini-

296 3322 350 3375 bus
370 3323 417 3393 qui
437 3323 635 3376 auctoritatem
663 3319 767 3375 habere
793 3332 962 3391 censentur,
988 3324 1065 3376 inter
1082 3324 1151 3378 elios
1175 3343 1192 3378 a
1212 3326 1273 3379 viro

295 3413 399 3485 preecl.
419 3410 592 3483 Ilnr11r‚qui
610 3413 640 3465 in
660 3412 897 3484 disputationibus
917 3413 1155 3486 dehacpoenein
1167 3411 1273 3483 Gellia,

296 3522 372 3558 anno
394 3499 468 3558 1832
488 3504 530 3558 his
551 3501 643 3556 verbis
669 3519 732 3556 eam
753 3503 893 3558 defendit:

333 3614 347 3644 n
368 3592 557 3668 L'enposition
585 3600 626 3646 est
650 3609 707 3644 une
734 3594 815 3664 peine
833 3591 952 3658 morale,
982 3591 1034 3646 elle
1063 3589 1111 3646 n’a
1129 3593 1190 3646 rien
1210 3589 1269 3647 d'a-

295 3703 309 3734 n
329 3693 416 3738 troce.
456 3681 516 3736 Elle
545 3683 601 3755 ogit
626 3690 739 3736 surtout
768 3699 876 3736 comme
907 3681 1021 3735 doivent
1041 3684 1100 3756 agir
1115 3691 1208 3737 tontes
1229 3683 1267 3736 les

296 3791 310 3824 u
331 3775 440 3846 peines,
458 3791 512 3847 par
531 3769 683 3844 l'exemple.
722 3768 772 3826 'l'el
791 3773 839 3845 qui
857 3789 894 3825 ne
912 3771 1030 3826 redoute
1050 3791 1101 3845 pas
1125 3774 1153 3827 la
1172 3774 1268 3845 prison

294 3866 376 3935 oqui
405 3865 430 3918 le
459 3863 544 3922 cache
570 3883 625 3920 anx
643 3861 756 3935 regards
775 3863 809 3918 de
828 3879 871 3918 ses
888 3863 1087 3934 concitemus,
1116 3863 1267 3918 redoutera

295 3973 308 4010 u
330 3951 503 4028 l'exposition
531 3957 578 4027 qui
607 3955 631 4008 le
657 3957 784 4024 pre'sente
804 3956 821 4006 e
840 3961 905 4006 tous
924 3952 962 4006 les
981 3969 1061 4024 yenx.
1081 3981 1120 3991 -
1148 3949 1267 4024 L'expo-

295 4063 309 4095 n
329 4046 412 4100 sitien
432 4051 448 4098 d
468 4045 495 4097 la
514 4044 600 4098 honte
620 4061 695 4116 pour
714 4044 792 4096 avoir
809 4045 927 4117 mdprisess
948 4043 972 4094 le
994 4043 1049 4108 lei,
1073 4035 1139 4093 e'est
1159 4040 1184 4093 la
1204 4042 1268 4114 plus

296 4155 309 4184 o
330 4135 434 4190 morale
454 4135 501 4188 des
520 4130 680 4208 peineslll

334 4223 452 4280 Discors.
476 4225 509 4280 de
533 4225 558 4281 le
579 4223 695 4280 Clmrnb.
717 4225 765 4278 des
784 4221 925 4297 Ileputesss,
944 4217 1088 4276 Monlteur
1110 4215 1192 4275 1832.
