2926 5034
654 498 699 566 23

184 707 285 780 quam
310 703 494 774 numquam
519 681 628 750 solum
654 678 800 748 eminere
826 677 943 757 debet,
978 676 1064 745 utin
1084 677 1151 746 tte-

183 800 257 868 orio
294 793 507 866 dormitionis
540 794 689 862 directae.
739 792 835 862 Hane
861 788 905 858 ob
930 813 1003 858 rom
1020 811 1151 881 poenae

183 907 377 1002 corporales
413 915 504 975 eerte
537 906 571 976 in
605 904 764 977 uniuerso
795 902 998 974 efficaciores
1034 911 1151 983 eruut,

183 1045 288 1116 quum
313 1041 443 1112 poenae
468 1017 646 1110 psyobieee
672 1016 778 1108 magis
805 1015 959 1084 effoetum
984 1014 1151 1084 secunda-

184 1135 273 1204 rium
305 1132 507 1224 producunt.
564 1130 678 1198 Homo
710 1127 863 1198 sensibus
890 1127 1057 1220 subjectus
1083 1138 1153 1208 est,

184 1255 218 1316 et
253 1244 453 1338 praesertim
489 1243 593 1312 bomo
630 1241 741 1312 minus
781 1240 954 1320 excultus,
992 1248 1026 1308 et
1058 1248 1152 1310 oorto

181 1358 291 1450 major
332 1378 410 1447 pars
447 1355 676 1424 maleficorum
708 1351 808 1444 hujus
842 1352 974 1444 generis
1010 1361 1071 1423 est.
1103 1395 1153 1406 -

180 1471 297 1538 Poena
332 1465 518 1558 corporalis
544 1463 700 1557 physion,
738 1464 844 1555 magis
869 1464 904 1534 in
929 1463 1153 1556 proportione

182 1591 234 1649 est
265 1578 451 1649 intellectus
482 1576 593 1646 minus
628 1575 752 1646 exculti
785 1586 819 1646 et
848 1597 1008 1648 sensuum
1034 1576 1152 1648 rudio-

180 1865 194 1898 η
214 1863 270 1901 vsu
288 1845 337 1900 bet
355 1843 455 1918 plegen
473 1863 528 1900 vsn
547 1846 657 1900 nieuw
674 1847 818 1902 misdaden
834 1845 931 1902 words
949 1843 1154 1911 welrboudem

183 1954 198 1988 o
217 1935 338 1992 sisobrik
357 1953 412 1990 een
430 1937 574 2006 anderen,
601 1937 689 2009 opdet
708 1937 743 1992 de
761 1955 840 1992 vrees
857 1953 928 1992 voor
946 1936 982 1991 de
1000 1935 1074 1990 sirei
1089 1934 1155 1990 hem
1240 1957 1242 1962 ’

184 2048 199 2082 u
217 2037 299 2102 tegen
317 2025 366 2082 bet
385 2025 529 2099 bedrijven
547 2046 603 2083 ven
621 2028 659 2099 bij
680 2027 714 2083 de
732 2036 789 2082 wet
807 2027 950 2082 verboden
968 2027 1155 2098 bandelingen

184 2138 198 2171 u
216 2112 433 2174 wearsebuwe.”
471 2113 617 2172 Memorio
637 2137 694 2173 ean
720 2119 889 2188 toelicbtbsg
917 2136 985 2173 ooor
1006 2119 1056 2171 het
1082 2111 1156 2168 Uon-

185 2219 248 2277 cept
266 2226 323 2262 ean
342 2210 391 2260 het
409 2201 460 2260 W
454 2208 508 2259 etb.
538 2225 595 2260 ran
613 2203 721 2279 Strasr.
743 2229 806 2262 aon
833 2213 869 2263 de
887 2205 932 2264 St.
957 2203 1026 2263 Gen.
1043 2225 1157 2275 octnge-

185 2300 277 2352 bodsn
300 2291 335 2350 17
358 2291 431 2350 Nou.
453 2289 536 2348 1843.

224 2384 318 2442 Poena
346 2387 509 2460 proposito,
534 2402 636 2459 nempe
663 2385 839 2454 excoecetio,
867 2387 899 2442 in
920 2387 1058 2458 mysteriis
1077 2382 1157 2440 Peri·

186 2479 321 2534 siensibus
340 2497 358 2534 a
377 2474 435 2534 Sus
454 2477 583 2550 scriptis,
609 2474 696 2532 hocce
714 2486 863 2550 respectu,
889 2476 957 2530 vitio
975 2476 1096 2530 maximo
1116 2475 1158 2529 la·

186 2569 280 2624 bonet.
319 2567 396 2626 llaec
424 2587 515 2642 poena
543 2568 671 2641 prolecto
699 2567 858 2624 maleficum
878 2568 1033 2621 innocuum
1052 2565 1158 2620 civitati

186 2661 299 2728 reddit,
335 2660 383 2714 sed
411 2677 473 2712 eam
501 2657 584 2730 plane
609 2658 748 2728 rejicimus
775 2668 809 2712 ut
838 2658 991 2713 barbaram
1020 2666 1049 2712 et
1075 2654 1159 2710 inbu-

189 2749 388 2803 msnissimam.
445 2744 589 2800 Maleficus
624 2748 671 2817 qui
701 2746 774 2800 bane
801 2765 923 2820 poenum
957 2748 1157 2803 exroeestionis

188 2838 283 2906 subit,
312 2833 492 2910 (plerumque
521 2855 554 2890 ex
572 2845 649 2890 stetu
667 2837 792 2892 inferiori
820 2837 990 2913 societatis),
1016 2839 1096 2908 cujus
1114 2836 1157 2890 ie-

188 2928 307 2984 cultutes
334 2927 471 2982 mentales
499 2929 593 2984 minus
621 2928 750 2984 evolutae
780 2939 867 3000 sunt,
905 2930 1056 2984 memoriae
1086 2928 1159 2982 vitae

184 3019 376 3092 praecedentis
405 3019 517 3073 vitiosae
545 3018 630 3092 plane
656 3019 845 3092 relinquitur,
884 3030 912 3074 et
937 3021 976 3074 sic
1000 3021 1108 3092 cogitur
1126 3018 1157 3071 in

186 3108 292 3163 circulo
310 3108 408 3162 vitioso
427 3127 537 3182 semper
555 3111 677 3176 moveri,
709 3111 827 3183 egestete
850 3125 961 3183 quoqne
981 3127 1092 3184 semper
1111 3108 1160 3163 de·

187 3199 308 3272 pendere
337 3197 420 3252 debet
440 3217 457 3255 a
476 3200 715 3254 commiseratione
741 3201 870 3255 aliorum.
909 3196 999 3274 Quem
1017 3198 1159 3254 horrende

186 3292 222 3344 sit
240 3289 309 3344 bsee
327 3305 418 3361 mens
437 3291 572 3362 potienti,
599 3292 797 3346 tantummodo
814 3292 833 3345 ii
851 3291 1004 3364 intelligere
1022 3299 1160 3363 possunt,

187 3380 237 3450 qui
263 3379 349 3451 magis
375 3396 436 3434 rem
462 3381 632 3452 perscrutati
650 3390 736 3446 sunt,
765 3382 893 3455 plurimis
910 3382 1004 3434 minus
1023 3381 1159 3448 excultis,

189 3486 249 3524 non
279 3468 417 3540 producet
441 3469 650 3524 deterritionem
677 3487 749 3540 quae
776 3479 910 3526 meretur.
949 3466 1050 3525 Melius
1077 3472 1099 3525 si
1118 3471 1160 3525 le-

194 3558 329 3613 cultatem
357 3558 441 3630 plane
470 3561 641 3614 contrariam
667 3557 793 3614 heberet.
839 3555 1014 3633 Quamquam
1042 3547 1100 3614 Sus
1126 3567 1160 3613 ut

189 3651 367 3704 inventorem
384 3647 467 3719 hujus
485 3667 592 3722 poenae
611 3667 639 3703 se
658 3649 771 3722 prodit,
799 3651 855 3722 jam
874 3651 1070 3723 antiquissimis
1087 3660 1160 3706 tem·

190 3741 308 3814 poribus
344 3740 375 3793 in
411 3757 465 3793 usn
502 3749 573 3794 eret.
626 3737 695 3798 Jem
731 3743 762 3796 in
795 3739 905 3816 Repub.
947 3739 1160 3810 Hebraeorum,

190 3831 227 3886 ei.
255 3827 349 3886 Juatc
378 3824 449 3900 Gap.
478 3826 553 3888 XVI
570 3849 601 3886 os
618 3827 665 3885 21.
713 3827 825 3901 Regum
854 3835 902 3888 lib.
921 3828 952 3886 ΙΙ
984 3828 1054 3903 Gap.
1074 3829 1161 3886 XXV

190 3939 221 3976 os
240 3917 268 3977 7.
307 3917 400 3976 Etiam
429 3921 506 3994 apud
535 3918 698 3990 Romanos,
726 3919 837 3978 Vener.
864 3921 975 3978 lllsxrn.
1004 3919 1041 3978 L.
1060 3919 1096 3979 V.
1128 3919 1160 3976 U.

191 4007 258 4066 VII.
297 4008 389 4080 Apud
411 4006 590 4079 Germanos,
618 4011 654 4066 cl.
675 4007 769 4066 Kusss
800 4017 841 4065 ad
859 4024 917 4070 art.
940 4011 1041 4068 CLIX.
1080 4010 1163 4067 Mir-

191 4115 277 4157 rnrer
305 4105 339 4155 de
363 4097 434 4156 Jur.
454 4095 541 4154 Glad.
565 4096 596 4154 G.
616 4097 662 4155 ΙΙΙ
691 4097 729 4156 Ν.
750 4098 802 4160 tl.
833 4114 862 4158 et
881 4101 1012 4160 llorrsus
1045 4099 1163 4158 Glossa-

193 4192 271 4246 rium
287 4209 350 4247 uoce
376 4212 390 4244 u
407 4188 540 4262 Augen.”
