2926 5034
647 503 693 574 63

177 690 367 762 violaceum
400 710 609 782 purpureum
642 707 886 778 suspensorum
918 711 1025 784 aeque
1059 690 1150 783 apud

176 825 237 872 eos
279 801 499 872 observamus
537 801 595 895 qui
634 799 798 892 asphyxia
833 802 927 872 sumo
966 803 1147 874 narbonieo

175 916 360 1008 perierunt.
422 917 468 1008 Cf.
509 912 551 984 A.
589 914 683 982 Pnnri
722 937 821 1005 opero
858 916 969 985 omnio
1001 940 1038 1008 p.
1077 919 1151 986 654.

178 1030 412 1122 symptomata
437 1036 577 1096 externa
600 1025 665 1096 uisi
691 1025 764 1096 aliis
790 1026 1048 1111 confirmantur,
1075 1053 1152 1099 sae-

177 1141 253 1233 pius
279 1139 420 1209 minoris
446 1139 609 1208 momenti
635 1149 731 1218 suut;
757 1161 799 1208 au
824 1161 908 1208 vero
934 1140 1052 1234 aliquis
1075 1163 1153 1212 sus-

176 1255 297 1324 tineret
328 1253 421 1322 nullo
455 1251 559 1322 modo
592 1251 664 1320 fieri
689 1273 791 1342 posse
816 1259 854 1320 ut
878 1251 1030 1323 homines
1057 1254 1152 1325 eolo-

175 1367 222 1436 ris
247 1365 385 1458 pallidi,
411 1363 592 1456 apoplexia
615 1361 742 1430 mortui
769 1362 861 1432 sint?

224 1477 455 1548 Obductiones
489 1497 560 1544 uon
593 1474 700 1566 magis
734 1475 880 1566 probare
914 1488 1076 1568 possunt,
1112 1503 1151 1550 a·
1218 1511 1219 1516 ¹

174 1591 354 1684 poplexiae
379 1595 606 1682 symptomata
631 1609 765 1679 semper
790 1587 947 1658 eminere.

227 1701 535 1772 Accumulationem
557 1700 727 1791 sanguinis
746 1711 779 1770 et
796 1701 863 1770 seri
878 1701 912 1770 in
931 1701 1071 1772 cerebro
1089 1725 1150 1774 ae-

178 1839 245 1909 que
261 1814 449 1886 invenimus
467 1814 558 1905 apud
575 1813 787 1906 asphyetieos
805 1824 839 1884 et
856 1815 1070 1898 submersos,
1093 1827 1152 1887 aut

176 1927 267 2021 apud
301 1949 361 1996 eos
388 1926 446 2020 qui
472 1949 613 2019 quoquo
639 1927 743 1997 modo
769 1927 992 2018 respiratione
1016 1929 1152 2000 mecha-

173 2041 249 2112 nioa
273 2037 453 2132 impedita,
484 2039 610 2110 mortui
637 2049 736 2119 suut;
778 2041 824 2133 Cs.
850 2041 1051 2112 Wnrrunus
1080 2044 1100 2112 t.
1127 2045 1149 2113 t.

169 2177 207 2244 p.
233 2153 391 2232 tas—9,
418 2151 575 2232 wenna,
602 2153 667 2222 obs.
693 2153 806 2222 medic.
829 2156 911 2244 sose.
937 2155 1019 2224 alter
1039 2178 1076 2247 p.
1102 2159 1151 2237 2,
1177 2243 1180 2250 ¹

4 2307 10 2319 -
84 2353 87 2360 Δ
173 2265 413 2343 (inmusulum,
448 2263 528 2351 Sptt.
554 2287 685 2332 memor.
711 2267 823 2333 medio.
849 2261 898 2326 &⁸
929 2269 1055 2337 Centur.
1090 2270 1156 2338 vlt

170 2401 251 2470 pers
276 2378 317 2456 t,
343 2397 413 2445 uon
439 2397 573 2466 semper
597 2385 710 2446 autem
736 2376 826 2467 apud
852 2399 1035 2468 suspensos
1053 2379 1158 2448 inve-s

172 2490 282 2568 nitur;
312 2491 358 2582 Cf.
383 2489 620 2568 Fumscuumv,
645 2488 794 2558 Hunun's
822 2490 972 2560 Zeitsetrr.
999 2491 1026 2561 5
1051 2494 1149 2562 band.

172 2628 197 2672 s.
224 2602 284 2673 an
326 2604 426 2671 Casus
459 2602 573 2680 t-6,
610 2599 652 2670 V.
679 2599 727 2670 cl.
761 2623 806 2672 nn
840 2604 974 2672 anuun
1000 2605 1151 2676 sectiones

172 2718 194 2786 t.
220 2719 261 2795 L,
295 2737 340 2783 ns
365 2716 464 2781 Hnun
497 2713 582 2782 ratio
607 2714 756 2782 medendi
781 2728 853 2782 tom.
880 2716 953 2782 XV.
1010 2719 1148 2788 Viennae

170 2826 282 2907 4776,
319 2825 354 2894 in
390 2845 487 2895 easus
522 2823 552 2892 V
586 2823 738 2893 anaemia
771 2823 883 2894 totalis
918 2825 1010 2895 sinus
1035 2827 1148 2918 longi-

169 2939 346 3020 tudinalis‚
373 2939 512 3008 Sronru
539 2938 560 3005 t.
587 2960 613 3004 c.
634 2959 670 3027 p.
696 2938 737 3006 19
763 2939 857 3006 sectio
883 2939 938 3016 t⁰,·
963 2938 1046 3008 haee
1070 2941 1146 3012 fau-

172 3063 264 3122 tores
297 3051 416 3121 mortis
451 3048 634 3142 asphyotiei
664 3048 705 3118 iis
731 3049 789 3142 qui
813 3058 959 3121 mortem
985 3053 1147 3144 apopleo-

173 3166 273 3236 tieam
297 3174 335 3234 ut
360 3187 496 3234 eausam
521 3162 720 3242 admittunt,
750 3162 896 3254 objicere
921 3173 1076 3254 possunt.

220 3277 435 3347 Sensationes
470 3297 607 3356 eorum,
643 3274 702 3367 qui
726 3282 806 3366 post
831 3275 1088 3366 suspensionem
1113 3277 1149 3346 in

171 3391 273 3461 vitam
312 3388 457 3480 regressi
495 3397 590 3469 sunt,
630 3387 690 3478 qui
727 3385 874 3455 visiones
910 3386 995 3456 lueis
1033 3389 1148 3480 splen-

174 3502 302 3584 dentis,
336 3510 370 3570 et
393 3499 607 3570 tenebrarum
631 3497 698 3578 δι’,
733 3498 913 3592 omniaque
939 3510 1149 3593 symptoma.

173 3627 210 3687 ta
244 3612 470 3707 congestionis
505 3611 684 3682 cerebralis
718 3622 751 3680 et
785 3612 984 3704 apoplexiae
1017 3613 1146 3684 habue-

174 3739 271 3812 runt,
308 3727 389 3798 nihil
426 3725 590 3818 probant,
628 3747 734 3818 quum
766 3725 800 3794 in
836 3725 1028 3796 conditione
1062 3750 1146 3798 eon-

106 3929 108 3934 ,
170 3843 292 3924 traria,
335 3839 487 3911 auaemia
518 3837 654 3917 totaiis,
697 3836 815 3906 eadem
849 3847 1075 3929 symptomata
1108 3863 1146 3912 se

169 3957 315 4048 prodere
347 3960 502 4045 possunt.
560 3949 671 4020 Etiam
705 3971 885 4040 soporem,
920 3953 1145 4024 somnolenti-

170 4091 243 4148 am,
282 4075 361 4160 post
398 4064 568 4158 sanguinis
602 4063 769 4156 jacturam
802 4084 958 4153 gravem,
996 4064 1143 4134 visiones

169 4179 254 4248 lueis
288 4190 321 4247 et
354 4178 569 4248 tenebrarum
603 4173 818 4267 apopleetiois
854 4175 1018 4257 tributas,
1066 4202 1143 4247 sae·
