<?xml version="1.0" encoding="UTF-8"?>
<!DOCTYPE html PUBLIC "-//W3C//DTD XHTML 1.0 Transitional//EN"
    "http://www.w3.org/TR/xhtml1/DTD/xhtml1-transitional.dtd">
<html xmlns="http://www.w3.org/1999/xhtml" xml:lang="en" lang="en">
 <head>
  <title>
</title>
<meta http-equiv="Content-Type" content="text/html;charset=utf-8" />
  <meta name='ocr-system' content='tesseract 3.04.00' />
  <meta name='ocr-capabilities' content='ocr_page ocr_carea ocr_par ocr_line ocrx_word'/>
</head>
<body>
  <div class='ocr_page' id='page_1' title='image "./depoenis00noltgoog_0119.png"; bbox 0 0 2922 5024; ppageno 0'>
   <div class='ocr_carea' id='block_1_1' title="bbox 583 523 700 602">
    <p class='ocr_par' dir='ltr' id='par_1_1' title="bbox 583 523 700 602">
     <span class='ocr_line' id='line_1_1' title="bbox 583 523 700 602; baseline -0.017 -12"><span class='ocrx_word' id='word_1_1' title='bbox 583 591 586 602; x_wconf 65' lang='lat'>,</span> <span class='ocrx_word' id='word_1_2' title='bbox 635 523 700 590; x_wconf 82' lang='lat'>105</span> 
     </span>
    </p>
   </div>
   <div class='ocr_carea' id='block_1_2' title="bbox 173 699 1161 4277">
    <p class='ocr_par' dir='ltr' id='par_1_2' title="bbox 179 699 1157 1469">
     <span class='ocr_line' id='line_1_2' title="bbox 179 699 1153 796; baseline 0.001 -27"><span class='ocrx_word' id='word_1_3' title='bbox 179 700 385 793; x_wconf 89' lang='lat' dir='ltr'>indignatum</span> <span class='ocrx_word' id='word_1_4' title='bbox 410 701 532 785; x_wconf 82' lang='lat' dir='ltr'>fuisse,</span> <span class='ocrx_word' id='word_1_5' title='bbox 570 725 675 796; x_wconf 91' lang='lat' dir='ltr'>quum</span> <span class='ocrx_word' id='word_1_6' title='bbox 701 721 789 772; x_wconf 93' lang='lat' dir='ltr'>anno</span> <span class='ocrx_word' id='word_1_7' title='bbox 820 699 913 770; x_wconf 73' lang='lat' dir='ltr'>tene</span> <span class='ocrx_word' id='word_1_8' title='bbox 940 700 1153 793; x_wconf 89' lang='lat' dir='ltr'>epilepticum</span> 
     </span>
     <span class='ocr_line' id='line_1_3' title="bbox 179 812 1153 908; baseline -0.001 -27"><span class='ocrx_word' id='word_1_9' title='bbox 179 813 393 882; x_wconf 86' lang='lat' dir='ltr'>verberatum</span> <span class='ocrx_word' id='word_1_10' title='bbox 425 813 511 896; x_wconf 87' lang='lat' dir='ltr'>vidi,</span> <span class='ocrx_word' id='word_1_11' title='bbox 550 815 608 908; x_wconf 91' lang='lat' dir='ltr'>qui</span> <span class='ocrx_word' id='word_1_12' title='bbox 642 823 823 908; x_wconf 84' lang='lat' dir='ltr'><strong>postquam</strong></span> <span class='ocrx_word' id='word_1_13' title='bbox 859 812 1021 904; x_wconf 88' lang='lat' dir='ltr'>deligatus</span> <span class='ocrx_word' id='word_1_14' title='bbox 1057 822 1153 894; x_wconf 89' lang='lat' dir='ltr'>crat,</span> 
     </span>
     <span class='ocr_line' id='line_1_4' title="bbox 181 925 1155 1018; baseline 0.001 -25"><span class='ocrx_word' id='word_1_15' title='bbox 181 926 291 994; x_wconf 90' lang='lat' dir='ltr'>nudus</span> <span class='ocrx_word' id='word_1_16' title='bbox 324 925 359 993; x_wconf 94' lang='lat' dir='ltr'>in</span> <span class='ocrx_word' id='word_1_17' title='bbox 395 934 539 1007; x_wconf 82' lang='lat' dir='ltr'>catasta,</span> <span class='ocrx_word' id='word_1_18' title='bbox 573 937 714 1018; x_wconf 87' lang='lat' dir='ltr'>propter</span> <span class='ocrx_word' id='word_1_19' title='bbox 748 925 984 996; x_wconf 90' lang='lat' dir='ltr'>convulsiones</span> <span class='ocrx_word' id='word_1_20' title='bbox 1009 925 1155 994; x_wconf 92' lang='lat' dir='ltr'>horren-</span> 
     </span>
     <span class='ocr_line' id='line_1_5' title="bbox 181 1037 1155 1132; baseline -0.002 -25"><span class='ocrx_word' id='word_1_21' title='bbox 181 1038 241 1108; x_wconf 86' lang='lat' dir='ltr'>das</span> <span class='ocrx_word' id='word_1_22' title='bbox 275 1061 296 1108; x_wconf 85' lang='lat' dir='ltr'>a</span> <span class='ocrx_word' id='word_1_23' title='bbox 329 1038 482 1108; x_wconf 88' lang='lat' dir='ltr'>carnifice</span> <span class='ocrx_word' id='word_1_24' title='bbox 516 1047 549 1107; x_wconf 95' lang='lat' dir='ltr'>et</span> <span class='ocrx_word' id='word_1_25' title='bbox 581 1039 790 1132; x_wconf 88' lang='lat' dir='ltr'>adjutoribus</span> <span class='ocrx_word' id='word_1_26' title='bbox 825 1037 962 1108; x_wconf 88' lang='lat' dir='ltr'>retineri</span> <span class='ocrx_word' id='word_1_27' title='bbox 993 1060 1064 1106; x_wconf 92' lang='lat' dir='ltr'>non</span> <span class='ocrx_word' id='word_1_28' title='bbox 1088 1059 1155 1128; x_wconf 92' lang='lat' dir='ltr'>po-</span> 
     </span>
     <span class='ocr_line' id='line_1_6' title="bbox 182 1150 1157 1244; baseline -0.001 -25"><span class='ocrx_word' id='word_1_29' title='bbox 182 1159 280 1220; x_wconf 88' lang='lat' dir='ltr'>terat.</span> <span class='ocrx_word' id='word_1_30' title='bbox 346 1151 439 1220; x_wconf 88' lang='lat' dir='ltr'>Talia</span> <span class='ocrx_word' id='word_1_31' title='bbox 480 1153 635 1242; x_wconf 85' lang='lat' dir='ltr'>exempla</span> <span class='ocrx_word' id='word_1_32' title='bbox 675 1154 828 1244; x_wconf 89' lang='lat' dir='ltr'>profecto</span> <span class='ocrx_word' id='word_1_33' title='bbox 868 1150 1023 1220; x_wconf 85' lang='lat' dir='ltr'>evitanda</span> <span class='ocrx_word' id='word_1_34' title='bbox 1056 1158 1157 1237; x_wconf 86' lang='lat' dir='ltr'>sunt,</span> 
     </span>
     <span class='ocr_line' id='line_1_7' title="bbox 183 1261 1156 1355; baseline 0 -23"><span class='ocrx_word' id='word_1_35' title='bbox 183 1264 243 1333; x_wconf 88' lang='lat' dir='ltr'>sed</span> <span class='ocrx_word' id='word_1_36' title='bbox 266 1263 402 1332; x_wconf 91' lang='lat' dir='ltr'>minime</span> <span class='ocrx_word' id='word_1_37' title='bbox 427 1263 513 1332; x_wconf 91' lang='lat' dir='ltr'>hanc</span> <span class='ocrx_word' id='word_1_38' title='bbox 539 1263 583 1332; x_wconf 94' lang='lat' dir='ltr'>ob</span> <span class='ocrx_word' id='word_1_39' title='bbox 609 1287 681 1332; x_wconf 89' lang='lat' dir='ltr'>rem</span> <span class='ocrx_word' id='word_1_40' title='bbox 705 1285 835 1354; x_wconf 90' lang='lat' dir='ltr'>poena,</span> <span class='ocrx_word' id='word_1_41' title='bbox 862 1262 921 1331; x_wconf 91' lang='lat' dir='ltr'>sed</span> <span class='ocrx_word' id='word_1_42' title='bbox 945 1261 1067 1331; x_wconf 88' lang='lat' dir='ltr'>modus</span> <span class='ocrx_word' id='word_1_43' title='bbox 1086 1283 1156 1355; x_wconf 88' lang='lat' dir='ltr'>quo</span> 
     </span>
     <span class='ocr_line' id='line_1_8' title="bbox 184 1375 758 1469; baseline -0.007 -22"><span class='ocrx_word' id='word_1_44' title='bbox 184 1377 371 1469; x_wconf 90' lang='lat' dir='ltr'>applicatur</span> <span class='ocrx_word' id='word_1_45' title='bbox 397 1375 670 1444; x_wconf 88' lang='lat' dir='ltr'>condemnandus</span> <span class='ocrx_word' id='word_1_46' title='bbox 697 1383 758 1443; x_wconf 85' lang='lat' dir='ltr'>est.</span> 
     </span>
    </p>

    <p class='ocr_par' dir='ltr' id='par_1_3' title="bbox 173 1485 1158 2904">
     <span class='ocr_line' id='line_1_9' title="bbox 232 1485 1158 1580; baseline -0.003 -23"><span class='ocrx_word' id='word_1_47' title='bbox 232 1489 293 1558; x_wconf 89' lang='lat' dir='ltr'>Vir</span> <span class='ocrx_word' id='word_1_48' title='bbox 309 1490 409 1556; x_wconf 88' lang='lat' dir='ltr'>Doot.</span> <span class='ocrx_word' id='word_1_49' title='bbox 426 1487 565 1567; x_wconf 82' lang='lat' dir='ltr'>Hanno,</span> <span class='ocrx_word' id='word_1_50' title='bbox 592 1485 807 1580; x_wconf 83' lang='lat' dir='ltr'>caeteroquin</span> <span class='ocrx_word' id='word_1_51' title='bbox 833 1485 1045 1557; x_wconf 86' lang='lat' dir='ltr'>adversarius</span> <span class='ocrx_word' id='word_1_52' title='bbox 1070 1507 1158 1578; x_wconf 89' lang='lat' dir='ltr'>poc-</span> 
     </span>
     <span class='ocr_line' id='line_1_10' title="bbox 182 1598 1154 1692; baseline -0.002 -22"><span class='ocrx_word' id='word_1_53' title='bbox 182 1624 245 1672; x_wconf 88' lang='lat' dir='ltr'>nac</span> <span class='ocrx_word' id='word_1_54' title='bbox 277 1598 521 1690; x_wconf 77' lang='lat' dir='ltr'>fustigationiS,</span> <span class='ocrx_word' id='word_1_55' title='bbox 556 1598 671 1691; x_wconf 87' lang='lat' dir='ltr'>objicit</span> <span class='ocrx_word' id='word_1_56' title='bbox 702 1599 866 1692; x_wconf 86' lang='lat' dir='ltr'>majorem</span> <span class='ocrx_word' id='word_1_57' title='bbox 900 1606 958 1668; x_wconf 88' lang='lat' dir='ltr'>aut</span> <span class='ocrx_word' id='word_1_58' title='bbox 986 1598 1154 1668; x_wconf 85' lang='lat' dir='ltr'>minorem</span> 
     </span>
     <span class='ocr_line' id='line_1_11' title="bbox 181 1711 1156 1807; baseline -0.003 -24"><span class='ocrx_word' id='word_1_59' title='bbox 181 1713 380 1807; x_wconf 88' lang='lat' dir='ltr'>gravitatem</span> <span class='ocrx_word' id='word_1_60' title='bbox 413 1711 638 1780; x_wconf 81' lang='lat' dir='ltr'>exsecutionis</span> <span class='ocrx_word' id='word_1_61' title='bbox 672 1711 770 1780; x_wconf 88' lang='lat' dir='ltr'>nimis</span> <span class='ocrx_word' id='word_1_62' title='bbox 807 1711 842 1779; x_wconf 93' lang='lat' dir='ltr'>in</span> <span class='ocrx_word' id='word_1_63' title='bbox 876 1719 1044 1803; x_wconf 91' lang='lat' dir='ltr'>potestate</span> <span class='ocrx_word' id='word_1_64' title='bbox 1079 1734 1156 1781; x_wconf 87' lang='lat' dir='ltr'>car-</span> 
     </span>
     <span class='ocr_line' id='line_1_12' title="bbox 183 1823 1157 1917; baseline -0.003 -22"><span class='ocrx_word' id='word_1_65' title='bbox 183 1825 289 1895; x_wconf 89' lang='lat' dir='ltr'>nificis</span> <span class='ocrx_word' id='word_1_66' title='bbox 324 1823 472 1917; x_wconf 89' lang='lat' dir='ltr'>positam</span> <span class='ocrx_word' id='word_1_67' title='bbox 506 1846 604 1905; x_wconf 92' lang='lat' dir='ltr'>esse,</span> <span class='ocrx_word' id='word_1_68' title='bbox 640 1833 672 1891; x_wconf 89' lang='lat' dir='ltr'>et</span> <span class='ocrx_word' id='word_1_69' title='bbox 704 1823 866 1915; x_wconf 89' lang='lat' dir='ltr'>proponit</span> <span class='ocrx_word' id='word_1_70' title='bbox 899 1833 937 1892; x_wconf 92' lang='lat' dir='ltr'>ut</span> <span class='ocrx_word' id='word_1_71' title='bbox 961 1824 1044 1893; x_wconf 91' lang='lat' dir='ltr'>haec</span> <span class='ocrx_word' id='word_1_72' title='bbox 1069 1823 1157 1892; x_wconf 90' lang='lat' dir='ltr'>diffi-</span> 
     </span>
     <span class='ocr_line' id='line_1_13' title="bbox 183 1933 1157 2018; baseline -0.006 -10"><span class='ocrx_word' id='word_1_73' title='bbox 183 1939 288 2009; x_wconf 86' lang='lat' dir='ltr'>cultas</span> <span class='ocrx_word' id='word_1_74' title='bbox 323 1933 485 2018; x_wconf 86' lang='lat' dir='ltr'>cvitetur,</span> <span class='ocrx_word' id='word_1_75' title='bbox 509 1937 695 2006; x_wconf 82' lang='lat' dir='ltr'>Huodbnclt</span> <span class='ocrx_word' id='word_1_76' title='bbox 720 1939 774 2004; x_wconf 84' lang='lat' dir='ltr'>des</span> <span class='ocrx_word' id='word_1_77' title='bbox 802 1936 1060 2005; x_wconf 80' lang='lat' dir='ltr'>Criminolreoltts</span> <span class='ocrx_word' id='word_1_78' title='bbox 1085 1937 1157 2003; x_wconf 83' lang='lat' dir='ltr'>aad</span> 
     </span>
     <span class='ocr_line' id='line_1_14' title="bbox 183 2045 1154 2139; baseline -0.005 -19"><span class='ocrx_word' id='word_1_79' title='bbox 183 2054 240 2120; x_wconf 86' lang='lat' dir='ltr'>der</span> <span class='ocrx_word' id='word_1_80' title='bbox 269 2049 538 2139; x_wconf 77' lang='lat' dir='ltr'>Orimioolpolitilc</span> <span class='ocrx_word' id='word_1_81' title='bbox 571 2071 635 2117; x_wconf 87' lang='lat' dir='ltr'>con</span> <span class='ocrx_word' id='word_1_82' title='bbox 658 2049 800 2117; x_wconf 80' lang='lat' dir='ltr'>Eounnn</span> <span class='ocrx_word' id='word_1_83' title='bbox 827 2048 975 2129; x_wconf 82' lang='lat' dir='ltr'>Hunnn,</span> <span class='ocrx_word' id='word_1_84' title='bbox 1013 2070 1049 2138; x_wconf 89' lang='lat' dir='ltr'>p.</span> <span class='ocrx_word' id='word_1_85' title='bbox 1075 2045 1154 2116; x_wconf 68' lang='grc'>454.</span> 
     </span>
     <span class='ocr_line' id='line_1_15' title="bbox 182 2159 1154 2253; baseline -0.005 -21"><span class='ocrx_word' id='word_1_86' title='bbox 182 2164 296 2233; x_wconf 79' lang='lat' dir='ltr'>Berlin</span> <span class='ocrx_word' id='word_1_87' title='bbox 337 2160 457 2240; x_wconf 65' lang='lat'>1825,</span> <span class='ocrx_word' id='word_1_88' title='bbox 500 2161 749 2251; x_wconf 79' lang='lat' dir='ltr'>instigationem</span> <span class='ocrx_word' id='word_1_89' title='bbox 782 2159 1023 2230; x_wconf 77' lang='lat' dir='ltr'>machinulam!</span> <span class='ocrx_word' id='word_1_90' title='bbox 1066 2182 1154 2253; x_wconf 90' lang='lat' dir='ltr'>quae</span> 
     </span>
     <span class='ocr_line' id='line_1_16' title="bbox 184 2270 1154 2366; baseline -0.001 -24"><span class='ocrx_word' id='word_1_91' title='bbox 184 2271 324 2364; x_wconf 90' lang='lat' dir='ltr'>duplicis</span> <span class='ocrx_word' id='word_1_92' title='bbox 351 2271 537 2341; x_wconf 88' lang='lat' dir='ltr'>commodis</span> <span class='ocrx_word' id='word_1_93' title='bbox 563 2270 743 2362; x_wconf 83' lang='lat' dir='ltr'>gauderet,</span> <span class='ocrx_word' id='word_1_94' title='bbox 774 2281 812 2340; x_wconf 87' lang='lat' dir='ltr'>ut</span> <span class='ocrx_word' id='word_1_95' title='bbox 837 2281 870 2339; x_wconf 89' lang='lat' dir='ltr'>et</span> <span class='ocrx_word' id='word_1_96' title='bbox 894 2294 1040 2362; x_wconf 88' lang='lat' dir='ltr'>poenam</span> <span class='ocrx_word' id='word_1_97' title='bbox 1060 2272 1154 2366; x_wconf 86' lang='lat' dir='ltr'>justa</span> 
     </span>
     <span class='ocr_line' id='line_1_17' title="bbox 186 2382 1148 2475; baseline -0.005 -19"><span class='ocrx_word' id='word_1_98' title='bbox 186 2407 346 2456; x_wconf 90' lang='lat' dir='ltr'>mensura</span> <span class='ocrx_word' id='word_1_99' title='bbox 390 2382 591 2475; x_wconf 89' lang='lat' dir='ltr'>applicaret,</span> <span class='ocrx_word' id='word_1_100' title='bbox 635 2404 741 2474; x_wconf 92' lang='lat' dir='ltr'>quum</span> <span class='ocrx_word' id='word_1_101' title='bbox 775 2382 972 2452; x_wconf 89' lang='lat' dir='ltr'>nullomodo</span> <span class='ocrx_word' id='word_1_102' title='bbox 1015 2383 1056 2452; x_wconf 87' lang='lat' dir='ltr'>ab</span> <span class='ocrx_word' id='word_1_103' title='bbox 1091 2406 1148 2453; x_wconf 88' lang='lat' dir='ltr'>ar-</span> 
     </span>
     <span class='ocr_line' id='line_1_18' title="bbox 185 2495 1154 2586; baseline -0.004 -18"><span class='ocrx_word' id='word_1_104' title='bbox 185 2498 287 2568; x_wconf 89' lang='lat' dir='ltr'>bitrio</span> <span class='ocrx_word' id='word_1_105' title='bbox 334 2495 497 2566; x_wconf 88' lang='lat' dir='ltr'>carnificis</span> <span class='ocrx_word' id='word_1_106' title='bbox 531 2495 716 2586; x_wconf 89' lang='lat' dir='ltr'>penderet,</span> <span class='ocrx_word' id='word_1_107' title='bbox 761 2504 794 2565; x_wconf 92' lang='lat' dir='ltr'>et</span> <span class='ocrx_word' id='word_1_108' title='bbox 836 2501 994 2586; x_wconf 88' lang='lat' dir='ltr'>respectu</span> <span class='ocrx_word' id='word_1_109' title='bbox 1035 2517 1154 2565; x_wconf 89' lang='lat' dir='ltr'>mora-</span> 
     </span>
     <span class='ocr_line' id='line_1_19' title="bbox 173 2607 1154 2700; baseline -0.005 -20"><span class='ocrx_word' id='word_1_110' title='bbox 173 2611 206 2680; x_wconf 90' lang='lat' dir='ltr'>-li</span> <span class='ocrx_word' id='word_1_111' title='bbox 237 2611 348 2679; x_wconf 90' lang='lat' dir='ltr'>minus</span> <span class='ocrx_word' id='word_1_112' title='bbox 383 2607 551 2697; x_wconf 84' lang='lat' dir='ltr'>dignitatis</span> <span class='ocrx_word' id='word_1_113' title='bbox 586 2631 722 2677; x_wconf 87' lang='lat' dir='ltr'>sensum</span> <span class='ocrx_word' id='word_1_114' title='bbox 754 2609 919 2690; x_wconf 90' lang='lat' dir='ltr'>laederet,</span> <span class='ocrx_word' id='word_1_115' title='bbox 955 2630 1059 2700; x_wconf 91' lang='lat' dir='ltr'>quum</span> <span class='ocrx_word' id='word_1_116' title='bbox 1084 2629 1154 2676; x_wconf 88' lang='lat' dir='ltr'>uon</span> 
     </span>
     <span class='ocr_line' id='line_1_20' title="bbox 183 2717 1156 2812; baseline -0.003 -20"><span class='ocrx_word' id='word_1_117' title='bbox 183 2745 286 2792; x_wconf 87' lang='lat' dir='ltr'>manu</span> <span class='ocrx_word' id='word_1_118' title='bbox 326 2717 471 2788; x_wconf 92' lang='lat' dir='ltr'>hominis</span> <span class='ocrx_word' id='word_1_119' title='bbox 515 2718 574 2787; x_wconf 91' lang='lat' dir='ltr'>sed</span> <span class='ocrx_word' id='word_1_120' title='bbox 615 2719 790 2800; x_wconf 91' lang='lat' dir='ltr'>machina,</span> <span class='ocrx_word' id='word_1_121' title='bbox 831 2719 1002 2810; x_wconf 80' lang='lat' dir='ltr'>instigatio</span> <span class='ocrx_word' id='word_1_122' title='bbox 1046 2719 1156 2812; x_wconf 93' lang='lat' dir='ltr'>appli-</span> 
     </span>
     <span class='ocr_line' id='line_1_21' title="bbox 184 2843 289 2904; baseline -0.029 0"><span class='ocrx_word' id='word_1_123' title='bbox 184 2843 289 2904; x_wconf 89' lang='lat' dir='ltr'>catur.</span> 
     </span>
    </p>

    <p class='ocr_par' dir='ltr' id='par_1_4' title="bbox 184 2941 1157 3686">
     <span class='ocr_line' id='line_1_22' title="bbox 231 2941 1156 3034; baseline -0.003 -19"><span class='ocrx_word' id='word_1_124' title='bbox 231 2941 384 3015; x_wconf 87' lang='lat' dir='ltr'>Miranda</span> <span class='ocrx_word' id='word_1_125' title='bbox 417 2963 497 3010; x_wconf 89' lang='lat' dir='ltr'>sanc</span> <span class='ocrx_word' id='word_1_126' title='bbox 530 2941 613 3011; x_wconf 88' lang='lat' dir='ltr'>haec</span> <span class='ocrx_word' id='word_1_127' title='bbox 638 2941 828 3034; x_wconf 90' lang='lat' dir='ltr'>propositio</span> <span class='ocrx_word' id='word_1_128' title='bbox 856 2951 968 3024; x_wconf 92' lang='lat' dir='ltr'>esset,</span> <span class='ocrx_word' id='word_1_129' title='bbox 1000 2942 1066 3012; x_wconf 90' lang='lat' dir='ltr'>nisi</span> <span class='ocrx_word' id='word_1_130' title='bbox 1090 2941 1156 3014; x_wconf 91' lang='lat' dir='ltr'>ho-</span> 
     </span>
     <span class='ocr_line' id='line_1_23' title="bbox 184 3054 1154 3146; baseline 0 -20"><span class='ocrx_word' id='word_1_131' title='bbox 184 3057 301 3126; x_wconf 90' lang='lat' dir='ltr'>dierno</span> <span class='ocrx_word' id='word_1_132' title='bbox 335 3064 488 3146; x_wconf 88' lang='lat' dir='ltr'>tempore</span> <span class='ocrx_word' id='word_1_133' title='bbox 522 3054 648 3146; x_wconf 87' lang='lat' dir='ltr'>ubique</span> <span class='ocrx_word' id='word_1_134' title='bbox 682 3055 855 3124; x_wconf 90' lang='lat' dir='ltr'>machinae</span> <span class='ocrx_word' id='word_1_135' title='bbox 879 3056 915 3126; x_wconf 92' lang='lat' dir='ltr'>in</span> <span class='ocrx_word' id='word_1_136' title='bbox 939 3079 1004 3127; x_wconf 91' lang='lat' dir='ltr'>usu</span> <span class='ocrx_word' id='word_1_137' title='bbox 1032 3066 1154 3127; x_wconf 90' lang='lat' dir='ltr'>essent.</span> 
     </span>
     <span class='ocr_line' id='line_1_24' title="bbox 185 3166 1157 3250; baseline 0.001 -13"><span class='ocrx_word' id='word_1_138' title='bbox 185 3169 261 3237; x_wconf 89' lang='lat' dir='ltr'>Hoc</span> <span class='ocrx_word' id='word_1_139' title='bbox 293 3176 405 3236; x_wconf 90' lang='lat' dir='ltr'>tamen</span> <span class='ocrx_word' id='word_1_140' title='bbox 438 3167 557 3236; x_wconf 88' lang='lat' dir='ltr'>vitium</span> <span class='ocrx_word' id='word_1_141' title='bbox 589 3166 717 3235; x_wconf 90' lang='lat' dir='ltr'>facilius</span> <span class='ocrx_word' id='word_1_142' title='bbox 749 3167 960 3250; x_wconf 89' lang='lat' dir='ltr'>evitandum,</span> <span class='ocrx_word' id='word_1_143' title='bbox 995 3168 1023 3237; x_wconf 92' lang='lat' dir='ltr'>si</span> <span class='ocrx_word' id='word_1_144' title='bbox 1047 3169 1083 3238; x_wconf 93' lang='lat' dir='ltr'>id</span> <span class='ocrx_word' id='word_1_145' title='bbox 1108 3171 1157 3238; x_wconf 87' lang='lat' dir='ltr'>ef-</span> 
     </span>
     <span class='ocr_line' id='line_1_25' title="bbox 185 3278 1157 3371; baseline 0.001 -22"><span class='ocrx_word' id='word_1_146' title='bbox 185 3281 335 3350; x_wconf 85' lang='lat' dir='ltr'>ficiamus</span> <span class='ocrx_word' id='word_1_147' title='bbox 361 3289 400 3348; x_wconf 91' lang='lat' dir='ltr'>ut</span> <span class='ocrx_word' id='word_1_148' title='bbox 435 3303 547 3371; x_wconf 91' lang='lat' dir='ltr'>poena</span> <span class='ocrx_word' id='word_1_149' title='bbox 580 3278 690 3346; x_wconf 93' lang='lat' dir='ltr'>minus</span> <span class='ocrx_word' id='word_1_150' title='bbox 717 3278 878 3348; x_wconf 90' lang='lat' dir='ltr'>consistat</span> <span class='ocrx_word' id='word_1_151' title='bbox 903 3301 1046 3348; x_wconf 90' lang='lat' dir='ltr'>numero</span> <span class='ocrx_word' id='word_1_152' title='bbox 1074 3281 1157 3350; x_wconf 86' lang='lat' dir='ltr'>defi-</span> 
     </span>
     <span class='ocr_line' id='line_1_26' title="bbox 185 3389 1155 3484; baseline 0.002 -24"><span class='ocrx_word' id='word_1_153' title='bbox 185 3392 258 3460; x_wconf 90' lang='lat' dir='ltr'>nito</span> <span class='ocrx_word' id='word_1_154' title='bbox 291 3392 436 3472; x_wconf 88' lang='lat' dir='ltr'>ictuum,</span> <span class='ocrx_word' id='word_1_155' title='bbox 480 3413 626 3484; x_wconf 91' lang='lat' dir='ltr'>quorum</span> <span class='ocrx_word' id='word_1_156' title='bbox 663 3389 809 3482; x_wconf 85' lang='lat' dir='ltr'>gravitas</span> <span class='ocrx_word' id='word_1_157' title='bbox 844 3390 894 3462; x_wconf 84' lang='lat' dir='ltr'>ab</span> <span class='ocrx_word' id='word_1_158' title='bbox 912 3390 1050 3462; x_wconf 89' lang='lat' dir='ltr'>arbitrio</span> <span class='ocrx_word' id='word_1_159' title='bbox 1077 3416 1155 3464; x_wconf 86' lang='lat' dir='ltr'>car·</span> 
     </span>
     <span class='ocr_line' id='line_1_27' title="bbox 185 3503 1156 3596; baseline 0.004 -24"><span class='ocrx_word' id='word_1_160' title='bbox 185 3503 291 3572; x_wconf 89' lang='lat' dir='ltr'>niliois</span> <span class='ocrx_word' id='word_1_161' title='bbox 326 3503 513 3593; x_wconf 88' lang='lat' dir='ltr'>dependet,</span> <span class='ocrx_word' id='word_1_162' title='bbox 552 3504 610 3571; x_wconf 87' lang='lat' dir='ltr'>sed</span> <span class='ocrx_word' id='word_1_163' title='bbox 645 3503 780 3572; x_wconf 85' lang='lat' dir='ltr'>effectus</span> <span class='ocrx_word' id='word_1_164' title='bbox 807 3526 926 3574; x_wconf 90' lang='lat' dir='ltr'>eorum</span> <span class='ocrx_word' id='word_1_165' title='bbox 950 3504 1065 3596; x_wconf 91' lang='lat' dir='ltr'>potius</span> <span class='ocrx_word' id='word_1_166' title='bbox 1091 3529 1156 3578; x_wconf 90' lang='lat' dir='ltr'>nu-</span> 
     </span>
     <span class='ocr_line' id='line_1_28' title="bbox 186 3615 687 3686; baseline -0.002 -1"><span class='ocrx_word' id='word_1_167' title='bbox 186 3639 318 3685; x_wconf 90' lang='lat' dir='ltr'>merum</span> <span class='ocrx_word' id='word_1_168' title='bbox 342 3616 470 3685; x_wconf 90' lang='lat' dir='ltr'>ictuum</span> <span class='ocrx_word' id='word_1_169' title='bbox 495 3615 687 3686; x_wconf 91' lang='lat' dir='ltr'>constituat.</span> 
     </span>
    </p>

    <p class='ocr_par' dir='ltr' id='par_1_5' title="bbox 184 3729 1161 4277">
     <span class='ocr_line' id='line_1_29' title="bbox 236 3729 1156 3824; baseline 0.002 -25"><span class='ocrx_word' id='word_1_170' title='bbox 236 3729 462 3822; x_wconf 85' lang='lat' dir='ltr'>Caetercquin</span> <span class='ocrx_word' id='word_1_171' title='bbox 495 3751 606 3820; x_wconf 89' lang='lat' dir='ltr'>poena</span> <span class='ocrx_word' id='word_1_172' title='bbox 640 3729 730 3820; x_wconf 89' lang='lat' dir='ltr'>apud</span> <span class='ocrx_word' id='word_1_173' title='bbox 754 3738 922 3800; x_wconf 89' lang='lat' dir='ltr'>nostrates</span> <span class='ocrx_word' id='word_1_174' title='bbox 949 3753 1056 3824; x_wconf 91' lang='lat' dir='ltr'>scopo</span> <span class='ocrx_word' id='word_1_175' title='bbox 1081 3753 1156 3803; x_wconf 90' lang='lat' dir='ltr'>res-</span> 
     </span>
     <span class='ocr_line' id='line_1_30' title="bbox 184 3840 1158 3936; baseline 0.002 -25"><span class='ocrx_word' id='word_1_176' title='bbox 184 3841 331 3934; x_wconf 88' lang='lat' dir='ltr'>pondet,</span> <span class='ocrx_word' id='word_1_177' title='bbox 357 3840 416 3910; x_wconf 93' lang='lat' dir='ltr'>uhi</span> <span class='ocrx_word' id='word_1_178' title='bbox 441 3840 544 3932; x_wconf 88' lang='lat' dir='ltr'>virgis</span> <span class='ocrx_word' id='word_1_179' title='bbox 561 3841 682 3910; x_wconf 86' lang='lat' dir='ltr'>botulis</span> <span class='ocrx_word' id='word_1_180' title='bbox 709 3840 918 3932; x_wconf 90' lang='lat' dir='ltr'>applicatur,</span> <span class='ocrx_word' id='word_1_181' title='bbox 946 3866 1051 3936; x_wconf 92' lang='lat' dir='ltr'>quum</span> <span class='ocrx_word' id='word_1_182' title='bbox 1074 3868 1158 3914; x_wconf 92' lang='lat' dir='ltr'>con-</span> 
     </span>
     <span class='ocr_line' id='line_1_31' title="bbox 185 3953 1158 4038; baseline 0 -14"><span class='ocrx_word' id='word_1_183' title='bbox 185 3966 238 4026; x_wconf 86' lang='lat' dir='ltr'>tra</span> <span class='ocrx_word' id='word_1_184' title='bbox 280 3955 367 4025; x_wconf 93' lang='lat' dir='ltr'>ictus</span> <span class='ocrx_word' id='word_1_185' title='bbox 401 3953 615 4035; x_wconf 91' lang='lat' dir='ltr'>loramentis,</span> <span class='ocrx_word' id='word_1_186' title='bbox 659 3954 896 4038; x_wconf 88' lang='lat' dir='ltr'>arundinibus,</span> <span class='ocrx_word' id='word_1_187' title='bbox 939 3965 998 4026; x_wconf 90' lang='lat' dir='ltr'>aut</span> <span class='ocrx_word' id='word_1_188' title='bbox 1031 3957 1158 4028; x_wconf 89' lang='lat' dir='ltr'>baculis</span> 
     </span>
     <span class='ocr_line' id='line_1_32' title="bbox 186 4067 1159 4161; baseline -0.004 -23"><span class='ocrx_word' id='word_1_189' title='bbox 186 4067 304 4161; x_wconf 88' lang='lat' dir='ltr'>ligneis</span> <span class='ocrx_word' id='word_1_190' title='bbox 338 4068 477 4150; x_wconf 91' lang='lat' dir='ltr'>inllicti,</span> <span class='ocrx_word' id='word_1_191' title='bbox 523 4067 557 4136; x_wconf 89' lang='lat' dir='ltr'>vi</span> <span class='ocrx_word' id='word_1_192' title='bbox 591 4067 747 4135; x_wconf 85' lang='lat' dir='ltr'>trementi</span> <span class='ocrx_word' id='word_1_193' title='bbox 781 4076 814 4136; x_wconf 91' lang='lat' dir='ltr'>et</span> <span class='ocrx_word' id='word_1_194' title='bbox 840 4069 1028 4158; x_wconf 90' lang='lat' dir='ltr'>penetranti</span> <span class='ocrx_word' id='word_1_195' title='bbox 1052 4069 1159 4159; x_wconf 86' lang='lat' dir='ltr'>magis</span> 
     </span>
     <span class='ocr_line' id='line_1_33' title="bbox 190 4177 1161 4277; baseline 0 -29"><span class='ocrx_word' id='word_1_196' title='bbox 190 4182 377 4260; x_wconf 89' lang='lat' dir='ltr'>nocebunt;</span> <span class='ocrx_word' id='word_1_197' title='bbox 420 4203 533 4277; x_wconf 89' lang='lat' dir='ltr'>poena</span> <span class='ocrx_word' id='word_1_198' title='bbox 576 4201 735 4249; x_wconf 90' lang='lat' dir='ltr'>numeros</span> <span class='ocrx_word' id='word_1_199' title='bbox 779 4179 906 4251; x_wconf 91' lang='lat' dir='ltr'>ictuum</span> <span class='ocrx_word' id='word_1_200' title='bbox 940 4180 1019 4250; x_wconf 88' lang='lat' dir='ltr'>satis</span> <span class='ocrx_word' id='word_1_201' title='bbox 1049 4177 1161 4248; x_wconf 90' lang='lat' dir='ltr'>modi-</span> 
     </span>
    </p>
   </div>
   <div class='ocr_carea' id='block_1_3' title="bbox 0 0 1479 5024">
    <p class='ocr_par' dir='ltr' id='par_1_6' title="bbox 0 0 1479 5024">
     <span class='ocr_line' id='line_1_34' title="bbox 0 0 1479 5024; baseline 0 0"><span class='ocrx_word' id='word_1_202' title='bbox 0 0 1479 5024; x_wconf 95' lang='lat' dir='ltr'> </span> 
     </span>
    </p>
   </div>
  </div>
 </body>
</html>
