2926 5034
662 484 708 551 39

192 667 299 735 Nemo
333 687 402 734 uon
436 665 577 755 gratiam
604 675 675 734 tum
701 665 732 734 ei
759 665 875 744 daret,
913 689 1012 736 nemo
1039 667 1161 738 buma-

191 779 293 849 nitate
318 778 509 870 praeditus‚
536 777 660 846 hancce
686 797 832 868 poenam
858 800 927 846 uon
951 790 989 852 ut
1004 780 1161 850 inhuma-

191 893 363 962 nissimam
389 891 553 984 rejiceret.

238 1004 299 1072 His
325 1003 529 1095 argumentis
557 1001 741 1082 assentior,
772 1025 851 1072 nam
877 1002 1084 1093 experientia
1108 1027 1163 1074 me

194 1117 309 1186 docuit
355 1115 488 1208 saepius
530 1113 779 1184 sensibilitatem
813 1114 1036 1183 inconsultam
1070 1115 1163 1184 subi-

191 1252 271 1320 gere
305 1251 421 1298 sauam
453 1227 628 1297 rationem.
686 1227 752 1295 Sed
784 1250 873 1294 nuuc
899 1248 1045 1317 quaero,
1083 1249 1177 1318 num

191 1363 304 1432 poena
324 1350 437 1409 tamen
453 1349 492 1407 ut
507 1339 688 1408 inhumana
705 1337 947 1406 consideranda
964 1347 1032 1418 est,
1059 1361 1164 1429 quum

192 1453 226 1521 iu
260 1450 458 1520 memoriam
483 1473 663 1531 vocamus,
679 1487 682 1492 ¹
699 1451 946 1547 delinquentem
971 1450 1083 1519 auimo
1110 1473 1165 1520 sc-

192 1565 272 1636 dato
298 1573 331 1632 et
356 1563 489 1655 saepius
515 1564 692 1632 crudeliter
717 1563 870 1634 victimae
891 1562 1061 1634 innocenti
1082 1585 1163 1632 ean-

191 1677 268 1746 dem
293 1685 418 1746 sortem
443 1675 646 1746 horrendam
671 1675 839 1758 attulisse,
865 1686 923 1748 aut
948 1699 1053 1769 quum
1076 1675 1162 1746 ima-
1251 1706 1253 1711 ·

190 1791 360 1882 ginatiouc
394 1811 459 1858 nos
493 1791 731 1858 transferamus
766 1789 808 1858 ad
841 1789 954 1858 locum
988 1788 1161 1858 criminis?

190 1905 268 1972 Non
298 1903 428 1972 solum·
443 1902 529 1972 ratio
560 1899 713 1971 habenda
738 1910 789 1968 est
813 1901 953 1970 malefici
978 1900 1037 1968 sed
1063 1900 1161 1970 etiam

190 2016 362 2096 victimae,
405 2039 467 2084 uec
510 2013 708 2106 negligenda
755 2021 805 2080 est
848 2011 1031 2103 cogitatio,
1070 2012 1163 2103 quod

189 2149 350 2218 praesens
375 2148 476 2216 saepe
500 2126 700 2194 memoriam
723 2124 894 2216 praeteriti
918 2124 1073 2194 infirmat.

238 2239 354 2306 Poena
377 2235 590 2305 mortismou
616 2259 636 2304 a
660 2235 864 2306 humanitate
890 2236 1016 2318 aliena,
1050 2260 1160 2330 quan-

191 2352 235 2421 do
260 2351 296 2420 iu
320 2348 543 2442 proportione
569 2346 714 2416 criminis
740 2347 944 2438 applicatur,
979 2358 1012 2416 et
1036 2349 1160 2416 idoneo

189 2464 293 2533 modo
319 2463 499 2555 perficitur.

239 2579 430 2647 Adversarii
449 2597 573 2666 poenae
598 2575 708 2642 mortis
734 2597 804 2643 eom
828 2589 865 2644 ut
888 2575 1082 2667 inefficacem
1107 2596 1160 2641 re-

183 2690 320 2780 jiciunt,
359 2689 517 2780 quoniam
553 2686 690 2775 malefici
715 2709 787 2754 eom
811 2709 877 2752 uon
902 2701 938 2754 ut
962 2710 1093 2774 prooem
1119 2688 1159 2754 ti-

189 2817 283 2870 ment.

238 2914 300 2984 Est
332 2912 431 3004 plane
465 2907 669 2980 contrarium
695 2909 882 3000 argumenti
907 2909 1159 3002 praecedentis,

191 3024 284 3117 quod
323 3024 457 3116 saepius
497 3023 716 3092 observamus
754 3023 789 3090 iu
822 3023 956 3116 judiciis
994 3022 1159 3094 humanis.

189 3138 381 3210 Adversarii
419 3137 584 3207 sustinent
619 3135 772 3203 ultimum
810 3136 1011 3226 supplicium
1047 3137 1159 3206 multis
1191 3193 1195 3205 .

189 3250 379 3320 homiuibus
411 3249 546 3318 minime
572 3269 717 3339 poenam
742 3268 839 3327 esse,
879 3248 1039 3341 quoniam
1065 3272 1159 3316 mor-

190 3372 258 3430 tem
295 3361 508 3432 considerant
543 3359 776 3430 liberationem
814 3382 834 3427 e·
869 3359 1011 3428 miseriis
1046 3361 1158 3430 variis,

191 3475 285 3558 Quot
337 3473 489 3542 homiues
540 3470 675 3566 (dicunt)
724 3481 869 3552 mortem
918 3481 1158 3556 contemnunt,

188 3589 257 3659 imo
285 3586 417 3678 saepius
442 3586 529 3656 laete
555 3585 585 3655 ei
611 3589 821 3654 occurrunt?
863 3584 1015 3654 Alleruut
1040 3609 1157 3654 exem-

187 3702 281 3794 plum
313 3700 455 3770 militum
489 3710 523 3768 et
546 3698 784 3768 fabricatorum
809 3721 922 3768 rerum
947 3697 1157 3790 periculosa-

187 3837 285 3896 rum,
331 3836 364 3882 ν.
391 3837 419 3882 e.
465 3810 608 3892 cerasii,
649 3811 726 3880 salis
761 3811 979 3891 ammoniaci,
1026 3813 1157 3882 arseni·-

189 3925 331 4006 calium,
377 3924 649 4005 mercurialium,
693 3923 840 4015 pulveris
874 3924 983 4017 pyrii,
1024 3923 1073 3987 &⁸
1099 3928 1156 4018 qui

189 4063 257 4110 uon
299 4039 392 4110 inviti
431 4037 581 4134 quotidie
619 4035 806 4128 periculum
842 4037 961 4106 mortis
1001 4038 1154 4108 subeunt.

191 4153 254 4220 Sed
288 4153 338 4221 his
373 4153 582 4244 respondeo:
622 4149 655 4218 hi
689 4148 841 4218 homines
879 4174 994 4220 omncs
1023 4163 1156 4242 sperant
