2922 5024
328 685 472 757 minibus
513 693 572 755 aut
610 685 737 754 delictis
773 686 997 776 gravioribus.
1060 687 1125 756 Sed
1167 687 1200 756 in
1235 687 1301 755 hoc

329 821 407 871 casu
451 798 621 869 rarissime
665 807 722 867 aut
763 820 948 892 numquam
982 801 1052 868 solo
1085 800 1211 890 poterit
1242 800 1297 869 in-

326 911 428 1004 fligi,
492 933 596 1006 quum
654 910 688 979 iu
744 909 870 980 delictis
913 911 1126 1003 gravioribus
1169 933 1299 1003 poenae

326 1025 521 1118 corporales
557 1023 759 1094 constitutae
793 1031 898 1104 sunt,
942 1045 1030 1115 quae
1054 1045 1186 1115 poenae
1212 1024 1299 1094 bano

325 1137 601 1231 degradationem
647 1137 747 1206 tacite
794 1137 947 1206 afferunt.
1032 1137 1125 1229 Ergo
1172 1137 1297 1228 degra-

326 1249 417 1320 datio
452 1272 513 1340 por
544 1249 640 1318 sein
667 1249 856 1330 abstracto,
891 1248 1060 1342 supertlua
1086 1259 1137 1318 est
1161 1259 1195 1317 et
1220 1250 1298 1320 inu-

323 1361 402 1432 tilis.

375 1478 410 1543 2.
443 1473 649 1565 Degradatio
674 1483 713 1542 ut
738 1474 978 1568 consequentia
1003 1475 1192 1545 necessaria
1209 1497 1296 1566 poe-

323 1609 444 1658 namm
477 1585 617 1656 aliarum
655 1587 906 1676 corporalium,
950 1609 1020 1654 non
1047 1587 1157 1656 solum
1183 1609 1294 1678 poena

326 1709 377 1768 est
418 1720 504 1794 quae
538 1696 694 1768 omnibus
728 1696 896 1792 requisitis
936 1698 1114 1780 satisfacit,
1162 1699 1221 1768 sed
1258 1723 1298 1770 ea

234 1833 238 1839 ’
326 1811 426 1882 etiam
463 1810 535 1880 sine
568 1809 805 1893 incommodo,
847 1811 1046 1882 nullomodo
1073 1834 1188 1882 carere
1213 1833 1298 1904 pos-

327 1947 454 1996 sumus.
503 1924 594 1994 Num
618 1923 653 1993 in
679 1923 841 1995 societate
866 1924 1020 1994 homines
1045 1924 1153 2007 tales,
1188 1925 1298 1994 direc-

327 2050 360 2108 te
394 2048 453 2109 aut
484 2037 646 2108 indirecte
679 2037 748 2107 vim
782 2047 977 2106 exercentes
1010 2039 1046 2108 in
1071 2038 1173 2109 rebus
1197 2039 1297 2109 lami-v

325 2149 463 2219 lienibus
497 2159 556 2220 aut
588 2149 734 2240 politicis
768 2149 914 2220 tolerare
952 2150 1162 2242 poterimus,
1210 2173 1298 2243 quos

324 2283 434 2354 nuper
458 2271 498 2331 ιιι
521 2261 675 2332 inimicos
703 2263 845 2334 civitatis
880 2263 1019 2358 ejusque
1048 2263 1299 2346 institutorum,

324 2376 443 2469 poenis
478 2375 619 2446 afflictos
655 2376 831 2446 vidimus?
890 2377 980 2445 Num
1012 2377 1222 2448 rationaliter
1252 2377 1299 2448 illi

324 2489 477 2560 homiues
511 2498 549 2558 ut
583 2496 730 2566 tutores,
766 2486 904 2568 arbitri,
947 2496 1005 2557 aut
1043 2497 1146 2556 testes
1173 2471 1299 2559 admit-

326 2601 417 2671 tendi
451 2609 547 2682 sunt,
595 2599 654 2692 qui
683 2621 792 2691 nuper
815 2619 962 2692 poenam
989 2599 1163 2670 subierunt
1186 2623 1298 2694 prop-

325 2723 377 2784 ter
407 2713 546 2784 crimina
571 2733 651 2804 erga
675 2733 840 2804 personas
866 2723 925 2784 ant
948 2714 1183 2805 possessiones
1201 2737 1298 2785 com-

324 2824 453 2894 missa?
502 2825 604 2895 Hauc.
635 2825 680 2893 ob
716 2849 788 2894 rem
821 2848 933 2917 poena
958 2826 1229 2918 degradationis,
1263 2838 1297 2897 et

324 2935 514 3005 interdictio
547 2936 590 3004 ad
620 2936 699 3026 jura
733 2936 842 3007 civilia
871 2939 1077 3020 exercenda,
1111 2949 1150 3009 ut
1175 2963 1297 3010 conse·

325 3045 463 3140 quentia
503 3067 690 3138 poenarum
729 3048 957 3139 corporalium
990 3053 1181 3124 necessaria
1215 3054 1296 3137 erit,

325 3168 359 3228 et
390 3140 534 3228 fortasse
566 3158 739 3253 legislator
772 3171 889 3232 noster
914 3163 1047 3234 errabat
1072 3187 1178 3258 quum
1204 3167 1297 3237 defa-

324 3272 508 3344 mationem
550 3271 671 3364 plane,
728 3283 787 3346 aut
826 3275 995 3346 interdum
1028 3277 1059 3348 ei
1093 3279 1296 3350 substituere

326 3387 519 3468 statuebat,
571 3387 731 3480 quoniam
772 3387 856 3458 baec
897 3399 1030 3480 praeter
1072 3392 1153 3462 vitia
1194 3416 1296 3486 supra

324 3523 401 3595 pag.
433 3500 579 3592 1t0sq.
614 3509 823 3583 memorata,
870 3523 1054 3595 numquam
1087 3505 1296 3576 rationaliter

324 3613 367 3684 ad
392 3622 521 3682 eertum
546 3620 703 3704 tempus,
737 3621 796 3685 aut
819 3635 884 3705 pro
910 3625 1028 3707 parte,
1055 3617 1205 3688 adhiberi
1230 3641 1296 3710 po-

322 3733 398 3795 test.
450 3725 688 3797 Concluutmus
715 3751 759 3797 ex
785 3749 889 3819 supra
914 3727 1029 3798 dictis:

370 3838 560 3909 Delamatio
599 3848 658 3910 aut
690 3839 885 3932 degradatio
918 3864 1103 3937 numquam
1136 3847 1207 3916 solu
1234 3845 1296 3914 ad-

321 3949 466 4023 hibenda
499 3961 599 4035 sunt,
640 3976 703 4022 nec
735 3953 791 4022 lex
826 3975 900 4024 eam
935 3954 1122 4046 specialiter
1156 3955 1296 4050 insuper

322 4063 393 4136 aliis
426 4065 546 4158 poenis
585 4065 708 4136 addere
743 4065 864 4146 debota
913 4067 1147 4139 tantummodo
1187 4092 1294 4162 scopo

321 4179 499 4273 proposito
538 4178 772 4271 respondebit,
799 4181 827 4251 si
865 4179 963 4252 tacite
998 4190 1031 4251 et
1059 4203 1192 4276 semper
1218 4207 1293 4254 oum
