2926 5034
783 511 825 578 ld

310 695 352 766 ab
378 691 600 786 applicatione
626 713 757 783 poenae
782 693 895 772 abest,
938 715 1049 785 poena
1076 703 1282 765 tantummo-

310 809 355 876 do
389 804 549 897 inlligitur
575 803 618 874 ad
642 804 752 896 legem
779 805 938 876 tuendam
965 806 1106 900 ejusque
1130 807 1283 900 vigorem

310 919 458 992 debitum
495 915 724 999 retinendum,
767 941 830 988 nee
866 940 937 988 non
973 928 1012 988 ut
1049 919 1104 990 alii
1142 941 1281 1012 quoque

310 1032 466 1124 exemplo
493 1030 733 1100 deterreantur.

268 1185 272 1193 ·
357 1147 418 1218 Vir
452 1144 501 1214 Cl.
528 1144 626 1214 Cocn
650 1141 672 1212 l.
696 1142 719 1211 l.
745 1164 778 1234 p.
804 1146 863 1214 25.
890 1144 959 1214 sic:
1011 1145 1167 1236 „Leges
1193 1165 1281 1236 poe·

310 1317 332 1357 „
358 1281 437 1330 nam
470 1257 634 1326 minentes
668 1255 745 1326 ideo
772 1257 967 1328 sanciuntur
991 1264 1030 1327 ut
1054 1256 1194 1326 firmiter
1219 1255 1284 1326 sibi

310 1391 558 1467 „persuasum
598 1367 743 1438 habeant
781 1391 923 1451 omnes,
964 1367 1126 1440 maleficia
1163 1368 1283 1460 excepi

308 1539 331 1580 „
356 1479 599 1561 incommodis,
642 1481 822 1550 commoda
862 1504 982 1550 eorum
1025 1479 1281 1573 superantibus,

310 1649 333 1690 „
359 1606 461 1688 atquo
493 1592 541 1662 ita
574 1590 751 1662 criminum
782 1591 946 1662 illecebris
980 1614 1050 1662 non
1084 1593 1283 1685 capiantur,

311 1709 419 1802 „sed
454 1704 568 1797 potius
605 1725 625 1772 a
658 1703 785 1773 delictis
811 1705 945 1796 penitus
972 1725 1047 1774 sese
1075 1705 1283 1788 abstineant,

311 1873 334 1915 „
360 1844 443 1900 seu,
479 1815 573 1908 quod
598 1816 719 1890 eodem
743 1817 847 1888 redit:
881 1817 955 1888 linis
980 1840 1169 1909 poenarum
1194 1841 1281 1890 oon-

310 1987 333 2027 „
360 1929 603 2002 stituendarum
652 1930 687 2000 in
739 1953 781 2001 eo
832 1939 884 2000 est
927 1931 1079 2024 positus,
1135 1942 1174 2004 ut
1219 1954 1283 2002 co·

310 2105 332 2145 „
359 2056 437 2119 actu
470 2041 712 2136 psyobologioo
745 2067 863 2114 omnes
898 2067 919 2114 a
950 2044 1078 2115 delictis
1103 2045 1282 2115 refrenan-

309 2214 332 2255 „
358 2160 443 2230 tur.”

359 2273 395 2342 Si
418 2273 521 2365 igitur
547 2269 748 2344 attendimus
775 2269 817 2341 ad
844 2271 1143 2363 contemplationes
1170 2270 1283 2341 diver-

309 2409 383 2470 saS,
419 2395 452 2456 et
486 2385 528 2456 ad
559 2384 670 2454 studia
704 2407 792 2476 quae
822 2383 1001 2452 recentiori
1027 2392 1180 2473 tempore
1206 2391 1282 2452 ten-

308 2500 453 2571 taverint
486 2496 653 2564 elucidare
686 2495 836 2565 diversas
861 2493 1008 2564 theorias
1034 2493 1213 2586 poenales,
1253 2495 1282 2564 si

308 2609 509 2683 attendimus
535 2607 577 2677 ad
603 2605 831 2677 evolutionem
855 2607 1038 2690 moralem,
1064 2616 1098 2678 et
1118 2629 1281 2700 progres-

308 2746 381 2796 sam
419 2722 569 2793 culturac
602 2718 808 2812 populorum
840 2719 1085 2792 recentioribus
1116 2720 1281 2813 tempori·

306 2838 391 2918 bus,
416 2846 488 2906 tum
513 2834 666 2924 prolecto
693 2856 714 2902 a
737 2832 843 2923 priori
869 2833 1023 2903 concludi
1044 2843 1179 2924 posset,
1206 2857 1282 2905 eam

306 2970 464 3041 magnam
504 2944 573 3014 vim
614 2941 765 3022 habere,
807 2943 842 3012 in
883 2943 1093 3034 legislatione
1134 2945 1280 3036 poenali.

307 3063 434 3131 Tamen
458 3055 594 3126 minime
619 3077 673 3124 res
700 3077 774 3142 sese
799 3055 858 3126 tali
881 3054 986 3124 modo
1011 3054 1145 3138 babuit,
1178 3056 1280 3128 mini-

232 3151 240 3172 ’
306 3196 362 3246 me
395 3177 535 3241 eventus
568 3167 745 3260 respondit
777 3165 1012 3260 expectationi.
1064 3168 1280 3262 Quamquam

306 3304 508 3381 progressus
542 3281 757 3352 scientiarum
791 3278 1006 3373 physicarum
1032 3282 1166 3353 sustulit
1191 3306 1279 3376 poe·

306 3422 367 3471 nas
400 3397 585 3478 barbaras,
626 3403 659 3464 et
692 3394 922 3486 experimenta
945 3392 1075 3465 fallacia
1100 3418 1187 3488 quae
1211 3395 1277 3466 ho·-

306 3513 389 3584 mini
420 3511 630 3603 imputabant
664 3507 757 3600 quod
782 3515 921 3576 naturae
947 3515 1037 3589 erat,
1072 3531 1279 3601 quamquam

305 3625 471 3696 hodierno
507 3630 661 3710 tempore
694 3642 764 3689 non
793 3618 1008 3700 inveniuntur
1036 3621 1164 3715 judicia
1194 3621 1278 3704 Dei,

306 3729 622 3832 (Godsoordeelen),
636 3755 769 3824 pugnae
778 3731 958 3825 juridicae,
972 3741 1054 3816 cet,
1073 3756 1279 3828 quamquam

309 3848 498 3921 humanitas
523 3845 693 3938 plerisque
718 3846 752 3915 in
778 3843 965 3914 civitatibus
992 3847 1174 3938 equuleum
1199 3869 1278 3918 cru-

310 3962 487 4036 ciatorium
520 3959 594 4030 aevi
626 3957 728 4029 medii
759 3956 942 4040 destruxit,
976 3958 1197 4028 nullomodo
1226 3969 1280 4030 ta-

308 4100 385 4150 men
426 4072 646 4168 praetendere
688 4069 871 4152 auderem,
923 4077 1066 4140 aetatem
1106 4079 1278 4155 nostram,

307 4189 453 4286 (quando
493 4186 693 4259 attendimus
732 4184 775 4256 ad
807 4205 1026 4276 progressum
1060 4182 1210 4256 culturae
1244 4195 1277 4254 et
