2922 5024
295 1212 519 1294 Pom
559 1217 1034 1298 mommolo.

498 1567 834 1616 -οωᾘμ-

223 1995 407 2130 Expositio
446 2039 489 2108 ad
525 2038 640 2132 palum
673 2038 888 2110 infamantem
921 2040 955 2110 in
990 2061 1055 2109 usu
1087 2038 1150 2109 fuit

175 2148 247 2242 jam
279 2151 514 2245 antiquissimo
539 2161 711 2242 tempore;
747 2152 837 2222 aevis
862 2151 980 2222 mediis
1007 2151 1148 2222 damna-

179 2260 205 2331 ti
222 2261 264 2331 ad
281 2286 359 2334 eum
375 2263 573 2357 praesertim
590 2264 817 2356 conspiciendi
835 2274 869 2334 et
886 2265 1058 2335 deridendi
1075 2265 1149 2334 ool·

179 2374 342 2446 looantur.
375 2377 526 2448 Diversis
552 2376 743 2448 nominibus
761 2375 950 2469 gaudebat:
981 2375 1148 2460 schemat,
1234 2419 1239 2430 ·

180 2489 295 2571 smel«,
321 2513 486 2584 manger,
511 2491 642 2584 galgan.
697 2491 743 2583 Cf.
772 2489 813 2560 de
838 2488 890 2559 his
909 2490 1148 2570 Scantiniam,

179 2626 275 2671 noce:
300 2605 462 2674 Sciratae.
511 2605 630 2674 Lumo.
648 2604 741 2694 spicil
756 2605 852 2674 sacal.
870 2619 944 2674 tom.
962 2607 990 2674 t.
1011 2627 1047 2694 p.
1065 2605 1148 2684 492,

181 2713 339 2794 Gaiana,
382 2718 525 2787 anecdot.
559 2741 595 2809 pt
628 2713 713 2784 487.
751 2714 811 2784 sed
844 2715 1042 2807 plerumque
1075 2724 1148 2785 tum

181 2847 258 2894 cum
284 2826 356 2896 aliis
381 2828 499 2918 poenis
522 2827 798 2923 conjungebatur.
850 2830 887 2898 ln
905 2828 1020 2898 Const.
1040 2826 1143 2896 Crim.

181 2938 258 3008 Car.
291 2939 451 3032 legimus:
502 2992 525 3033 „
550 2943 634 3012 ltem
669 2963 708 3010 so
741 2939 847 3011 wider
881 2941 945 3010 den
971 2939 1149 3032 heklagten

180 3101 203 3141 „
221 3051 274 3121 die
315 3053 440 3124 witheil
481 3078 524 3124 zu
565 3053 752 3146 peinliehen
794 3055 893 3124 straff
929 3053 1050 3124 entlioh
1082 3053 1147 3122 be-

182 3213 205 3254 „
223 3163 393 3234 sohlossen
420 3167 560 3248 wierdt,
587 3189 643 3237 wo
671 3166 735 3235 dan
760 3165 979 3236 herkommen
997 3167 1058 3246 ist,
1086 3165 1150 3234 den

182 3327 205 3367 „
222 3278 432 3348 matthatha
466 3280 592 3350 darvor
625 3280 709 3348 oder
733 3277 819 3348 nach
844 3299 898 3346 am
923 3279 1039 3348 Marok
1066 3277 1151 3346 oder

183 3439 205 3480 „
222 3391 332 3474 Platz,
372 3391 471 3462 etlieh
495 3394 568 3462 Zeit
593 3391 760 3463 offentlioh
785 3389 842 3459 inn
861 3389 977 3472 stook‚
1003 3412 1151 3482 pranger

182 3554 204 3594 „
223 3502 306 3572 oder
337 3505 530 3576 Halsseisen
561 3531 604 3576 zu
630 3504 764 3586 stellen,
799 3503 852 3574 die
877 3503 982 3595 selbig
1007 3524 1150 3595 gewon-

183 3665 205 3705 „
222 3616 301 3710 heyt
326 3619 389 3688 soll
414 3617 500 3689 auch
524 3617 678 3710 gehalten
703 3616 869 3687 werden.”

231 3731 270 3798 ln
314 3731 388 3822 lege
438 3731 590 3824 poenali,
642 3729 749 3824 qualis
792 3739 843 3799 est
886 3730 1003 3800 const.
1048 3728 1152 3800 Crim.

183 3841 281 3923 Cam,
334 3844 541 3936 temporibus
592 3841 823 3913 incultioribus
866 3841 1151 3936 maioribusque,

183 3954 379 4024 nullomodo
411 3956 600 4028 mirandum
634 3967 685 4026 est
710 3955 788 4026 talia
812 3954 963 4026 instituta
989 3955 1152 4032 existere,

183 4065 251 4136 imo
285 4067 454 4140 interdum
487 4069 687 4149 conveniam
720 4069 779 4138 sed
813 4068 879 4138 hoo
915 4078 1062 4138 statuere
1087 4089 1153 4136 au-

185 4179 266 4262 deo,
306 4183 553 4274 expositionem
589 4181 801 4252 insanientem
836 4181 1002 4273 pnblioam
1033 4181 1154 4250 inoon-
