2926 5034
638 530 681 596 17

169 707 268 778 etiam
298 729 361 799 pro
387 715 482 799 parte
508 709 580 802 ejus
606 710 816 803 propinquos
843 711 876 778 et
902 715 1064 801 cognatos
1091 704 1141 776 el·

165 820 298 900 ficiunt,
332 820 425 914 qrrod
449 829 660 912 postremum
684 845 818 915 semper
843 843 963 892 saxum
989 819 1070 898 erit,
1104 817 1138 886 in

167 955 235 1026 quo
266 932 437 1023 legislator
461 934 612 1023 poenalis
638 934 848 1027 naufragium
872 933 971 1004 faciet
994 934 1029 1004 in
1054 951 1140 1022 poe·

167 1045 219 1116 nis
257 1045 488 1137 corporalibus
531 1047 782 1117 constituendis.
850 1045 1043 1136 Numquam
1078 1063 1140 1112 au-

167 1167 236 1230 tem
261 1157 411 1252 aequitas
437 1157 612 1232 admittere
636 1168 769 1251 potest,
795 1168 834 1229 ut
856 1155 1029 1248 legislator
1052 1153 1142 1222 hunc

168 1293 311 1364 scopum
334 1269 469 1361 speciali
492 1272 597 1341 modo
622 1280 733 1364 petat,
767 1289 971 1365 quamquam
995 1263 1143 1336 nonnul-

164 1385 188 1456 li
220 1383 390 1477 opinionis
424 1383 612 1452 contrariae
645 1383 770 1452 inerint
794 1391 827 1452 et
851 1383 975 1452 molum
999 1379 1141 1448 indirec-

166 1511 234 1566 tum
266 1493 461 1564 admiserint
493 1489 550 1589 (l)
602 1493 719 1575 Certe,
755 1495 842 1565 ratio
878 1515 960 1564 sana
992 1511 1062 1560 non
1091 1489 1143 1560 ia-

165 1608 229 1677 cile
263 1605 526 1699 praejudicatam
563 1605 758 1698 opinionem
792 1602 1042 1700 (vcoroordeel)
1075 1602 1145 1672 tol-

168 1720 232 1799 let,
267 1741 354 1813 quae
389 1717 549 1788 adhaeret
580 1719 783 1812 propinquis
817 1727 851 1790 et
884 1717 1036 1812 cognatis
1062 1739 1147 1788 con-

171 1832 327 1903 demnati.
351 1875 401 1887 --
449 1831 500 1900 Ne
535 1838 607 1900 tum
632 1831 787 1923 pridem,
821 1831 850 1900 si
875 1852 992 1902 omnes
1018 1851 1147 1922 poenas

170 1944 363 2036 corporales
396 1943 565 2037 rejicimus
597 1943 723 2012 evitare
748 1943 935 2033 poterimus
960 1942 1071 2012 ideam
1094 1941 1149 2012 in-

168 2056 308 2138 famiae,
343 2080 430 2150 quae
464 2077 598 2148 semper
632 2078 709 2125 cum
738 2054 858 2147 poenis
885 2054 1064 2148 conjuncta
1088 2063 1149 2124 est.

169 2168 263 2238 Mola
304 2189 390 2236 mere
434 2170 579 2246 directa,
620 2167 655 2236 in
688 2168 808 2258 poenis
843 2176 976 2238 exstare
1008 2187 1150 2260 prorsus

168 2299 239 2346 non
270 2285 425 2369 possunt.
476 2278 574 2347 Hanc
599 2277 644 2346 ob
671 2300 743 2346 rem
770 2277 987 2350 vehementer
1012 2279 1150 2359 dubito,
1254 2367 1258 2376 ³

170 2412 253 2459 num
279 2388 521 2481 approbandae
546 2389 614 2458 sint
639 2388 873 2458 exsecutiones
898 2389 933 2460 in
959 2390 1067 2482 effigie
1092 2402 1151 2461 aut

173 2497 208 2573 in
242 2503 385 2573 cadaver
419 2501 639 2595 delinquentis
672 2503 798 2583 iactae,
833 2502 928 2596 cujus
959 2503 1009 2574 rei
1035 2525 1152 2574 exem·

173 2616 268 2709 plum
300 2625 352 2686 est
383 2615 419 2686 in
453 2614 538 2685 cod.
573 2638 674 2706 poen.
699 2615 884 2696 Modenae,
920 2615 979 2686 ubi
1004 2615 1152 2688 suicidae

174 2749 319 2819 corpus,
356 2727 391 2795 in
423 2725 594 2794 nonnullis
629 2725 780 2804 casibus,
818 2726 969 2817 patibulo
1006 2749 1150 2818 suspen-

173 2837 282 2919 ditur,
317 2837 457 2931 ejusque
481 2835 573 2906 bona
599 2835 833 2906 confiscantur.

222 2954 321 3022 Modo
357 2953 471 3020 idoneo
506 2951 683 3042 malificium
716 2950 881 3040 ottinpcre.
935 2950 1011 3020 Hoc
1044 2950 1150 3022 verbo

175 3065 257 3135 illud
290 3064 395 3145 volo,
443 3073 482 3132 ut
515 3084 627 3153 poena
658 3069 821 3153 quantum
846 3061 918 3132 lieri
943 3070 1079 3154 potest,
1116 3063 1151 3134 in

176 3177 399 3270 proportione
444 3195 612 3268 personae
668 3172 890 3263 delinquentis
917 3237 918 3241 ,
942 3174 1008 3254 sit,
1064 3175 1150 3246 ulio·

176 3405 442 3420 m

209 3561 269 3641 (l)
288 3561 463 3639 Quamquam
488 3565 557 3624 haee
584 3569 718 3642 simplicia
746 3577 774 3622 et
795 3585 884 3640 aequa
900 3567 1039 3640 plerisque
1056 3569 1152 3625 viden-

182 3667 250 3726 tur‚
280 3658 421 3732 legislator
448 3659 479 3712 in
497 3655 607 3714 Prassia
629 3661 699 3715 alius
716 3659 855 3731 opinionis
876 3667 946 3712 erat.
984 3654 1021 3714 In
1040 3654 1152 3718 Pruseia

180 3767 253 3802 uxor
289 3751 501 3818 incarceretur,
540 3751 655 3823 quando
695 3749 844 3804 desemioni
871 3749 967 3804 mariti
994 3750 1095 3806 laverit
1124 3763 1154 3810 et

180 3838 256 3894 bona
291 3841 349 3910 ejus
376 3840 568 3913 publicantur.
619 3836 736 3914 Quando
763 3848 858 3894 autem
891 3856 950 3894 non
977 3840 1154 3913 impediverit

181 3929 386 3998 desertionem,
426 3940 477 3984 aut
514 3932 649 3986 maritum
686 3947 745 3982 non
784 3927 972 4002 prodideritll
1007 3929 1083 3986 bona
1111 3942 1155 3987 ta-

183 4037 249 4073 men
278 4019 472 4092 publicantur.
520 4015 638 4094 Quando
667 4019 753 4073 inscia
782 4027 811 4071 et
837 4017 970 4072 innocens
994 4021 1067 4090 erit,
1103 4023 1155 4076 bo·

183 4126 221 4162 ne
247 4107 359 4181 publice
387 4111 566 4177 retinentur,
595 4119 624 4162 et
652 4109 885 4164 administrantur
912 4125 1000 4180 usque
1021 4111 1058 4165 ed
1079 4129 1155 4166 mor-

184 4206 241 4253 tem
259 4201 361 4253 mariti.

1037 4305 1060 4369 2
