2926 5034
756 526 802 590 2⁸2

297 713 355 778 aut
386 705 478 774 nulio
512 705 615 773 modo
650 705 767 774 tollere
797 727 997 796 possumus,
1035 703 1119 774 haee
1145 725 1265 795 nempe

298 841 400 912 quam
417 817 558 888 malefici
576 839 709 910 semper
725 817 760 886 in
778 840 876 886 suum
889 819 1040 886 favorem
1054 823 1270 907 computant:

348 933 379 1000 1.
413 931 578 1000 Delictum
605 929 705 1000 celari
730 951 832 1022 posse
859 940 1005 1022 sperant.
1056 933 1090 998 2.
1117 931 1268 998 Persona

297 1041 492 1135 delinquens
517 1042 634 1133 ignota
653 1065 790 1111 manere
811 1051 935 1134 potest.
979 1043 1012 1112 3.
1039 1043 1128 1112 Fieri
1153 1049 1267 1134 potest

295 1165 334 1224 ut
354 1155 484 1249 justitia
508 1155 686 1224 maiifioum
710 1177 780 1222 non
807 1155 956 1246 attingat.
1008 1155 1041 1222 d.
1068 1154 1102 1222 Si
1119 1154 1265 1246 prehen-

297 1289 354 1337 sus
391 1268 466 1362 quis
500 1268 561 1349 sit,
595 1267 735 1337 testibus
767 1275 799 1336 et
825 1266 1080 1360 probationibus
1107 1266 1268 1334 deiicien-

296 1379 410 1462 tibus,
435 1379 517 1449 nihil
540 1381 705 1472 probatur
730 1404 843 1475 neque
869 1380 1121 1450 condemnatur.
1174 1382 1206 1448 5.
1235 1379 1272 1448 Si

298 1493 540 1563 condemnatus
579 1492 644 1571 sit,
682 1493 790 1582 gratia
825 1503 884 1562 aut
917 1491 1106 1562 imminutio
1141 1512 1272 1584 poenae

297 1604 363 1696 ipsi
389 1603 584 1693 contingere
609 1611 732 1692 potest.

348 1717 442 1784 Haeo
465 1714 667 1782 incertitudo
692 1714 727 1783 in
752 1716 903 1784 favorem
920 1713 1149 1783 maleficorum
1167 1737 1269 1782 num·

300 1850 402 1922 quam
427 1827 526 1919 plane
551 1826 669 1896 evitari
694 1836 828 1918 potest,
855 1827 914 1896 sed
932 1848 1109 1897 caveamus
1127 1849 1170 1894 ne
1186 1825 1269 1896 haeo

298 1939 381 2010 vitia
412 1961 475 2032 per
508 1961 545 2007 se
579 1938 756 2009 existentia
793 1961 975 2032 augeamus
1010 1947 1044 2008 et
1074 1939 1271 2031 adjuvemus

300 2051 430 2144 legibus
464 2052 575 2121 minus
610 2052 719 2144 aptis3
762 2061 795 2120 et
821 2075 955 2144 semper
979 2062 1152 2122 teneamus
1179 2073 1274 2143 spem
1385 2057 1389 2071 ⁴

302 2163 509 2254 impunitatis
535 2163 646 2245 nasci,
685 2163 743 2234 uhi
768 2164 933 2234 certitudo
960 2165 1138 2235 evanescit.

352 2275 408 2343 lV.
460 2275 577 2344 Poma
601 2297 714 2346 nnnnr
739 2298 837 2348 anros
863 2299 1032 2348 annuumn
1058 2299 1123 2348 vnn
1140 2297 1275 2346 nnana-

305 2407 416 2469 nann,
457 2409 502 2457 nr
538 2410 577 2457 sn
611 2411 819 2458 ansrmraur
852 2413 894 2458 aa
928 2409 1044 2457 usnmu
1075 2409 1275 2457 acrionmus

302 2521 559 2578 caruissemus,
593 2519 682 2568 eosr
709 2521 795 2578 onas
821 2521 933 2569 ronna
958 2519 1138 2578 snoumun.

351 2614 455 2681 Recte
481 2610 547 2680 hoo
571 2611 606 2681 in
622 2611 700 2681 looo
717 2615 781 2683 Mr.
799 2635 843 2682 nn
861 2615 1100 2693 Parmeniona,
1126 2614 1273 2706 Rapport

302 2747 360 2794 sur
394 2726 437 2794 les
466 2726 597 2817 prisone
630 2726 725 2800 4852
759 2777 781 2816 „
806 2719 1067 2796 L'intimidation
1092 2725 1170 2796 bien
1195 2726 1271 2818 plus

303 2888 326 2929 „
352 2861 418 2931 que
456 2837 711 2906 l'amendement
744 2840 911 2908 constitue
943 2839 1042 2908 l'effet
1074 2839 1278 2930 preservatii

304 2999 327 3039 „
354 2950 395 3018 de
419 2949 452 3016 la
477 2949 594 3039 peine,
634 2971 691 3016 oar
714 2949 969 3018 l'amendement
995 2951 1097 3040 n'agit
1121 2973 1187 3042 que
1214 2973 1286 3040 sur

305 3111 327 3150 „
353 3083 400 3129 nn
434 3060 621 3151 coupah1e‚
655 3059 899 3132 l'intimidation
925 3061 994 3152 agit
1019 3083 1077 3129 sur
1098 3061 1131 3130 la
1148 3061 1273 3131 societe

306 3221 328 3261 „
355 3171 492 3241 entidre.

351 3285 413 3354 Est
438 3283 635 3378 requisitum
658 3284 883 3354 necessarium
907 3307 1039 3377 poenae
1056 3283 1122 3380 (1),
1154 3309 1276 3381 quam·
1356 3357 1358 3363 ,
1447 3321 1448 3374 t

344 3561 395 3639 (l)
412 3585 426 3616 e
447 3560 540 3618 Poena
559 3569 642 3618 unius
661 3568 697 3620 sit
715 3576 807 3620 metus
825 3567 992 3620 multorum.
1030 3563 1095 3620 lex
1114 3565 1128 3620 l
1149 3563 1218 3620 θεά.
1239 3570 1280 3618 ad

305 3673 319 3704 n
340 3658 392 3721 leg.
421 3649 487 3708 Jul.
508 3657 654 3723 repetund.
703 3653 795 3710 Etiam
822 3653 928 3711 (ircano
948 3659 982 3708 de
1001 3659 1049 3725 off.
1069 3657 1116 3709 lit.
1141 3651 1154 3708 l
1180 3652 1210 3708 0.
1234 3652 1278 3709 ll.

305 3759 319 3791 o
339 3739 456 3797 Utimur
484 3746 581 3816 poenis
610 3753 661 3798 aut
687 3763 724 3800 ne
751 3747 775 3798 is
794 3746 842 3816 qui
862 3747 978 3818 deliquit
996 3746 1053 3800 tale
1073 3745 1141 3817 quid
1160 3743 1279 3817 posthac

304 3852 318 3882 u
339 3834 516 3902 committat,
544 3845 594 3888 aut
621 3845 655 3890 ut
683 3836 785 3888 caeteri
814 3837 870 3888 sint
899 3837 935 3891 ad
962 3837 1093 3907 injuriam
1112 3833 1277 3890 tardiores.''

305 3919 340 3976 Id
359 3931 457 3976 nostra
476 3925 506 3977 in
526 3928 617 3997 patria
636 3943 748 3997 quoque
767 3936 951 3998 agnoverunt.
1034 3968 1035 3972 ,

344 4009 420 4066 „lte
449 4013 592 4090 krachtige
620 4015 744 4088 werking
773 4015 823 4069 der
847 4023 903 4070 wet
922 4013 1043 4069 behoort
1062 4013 1182 4069 asschrilr
1201 4017 1231 4070 in
1250 4025 1279 4069 te

306 4122 319 4153 o
340 4103 506 4172 nonomen,
534 4106 575 4160 zai
594 4107 629 4162 de
650 4105 777 4160 straiwet
798 4123 852 4159 aan
871 4105 915 4160 het
939 4105 1128 4177 voorgestelde
1148 4105 1212 4160 doel
1230 4105 1281 4160 be-

304 4213 318 4245 »
339 4195 531 4250 antwoorden.
553 4225 590 4238 »
609 4193 739 4251 Asschrilr
759 4215 813 4251 aan
832 4187 888 4251 ded
907 4207 1104 4270 gorangenen,
1133 4197 1220 4269 opdat
1238 4195 1276 4266 hij
