2926 5034
236 1003 329 1074 BE
362 1001 598 1078 Pontus
634 1004 705 1078 IN
739 1005 1082 1083 unwltltso.

219 1655 263 1762 ln
296 1690 392 1762 initio
426 1690 525 1784 hujus
559 1690 664 1782 partis
699 1693 810 1762 statim
838 1695 992 1786 quaestio
1018 1698 1144 1770 oritur:

171 1806 253 1899 quid
286 1815 337 1874 est
370 1807 506 1897 poena?
541 1813 575 1872 et
608 1826 726 1874 revera
760 1829 865 1898 quum
898 1808 941 1878 ad
971 1815 1145 1904 responsi-

172 1941 255 1989 ones
294 1928 328 1987 et
365 1917 541 2016 opiniones
580 1916 728 1986 diversas
766 1927 958 2010 temporum
991 1924 1145 1995 diverso-

171 2055 271 2114 rum,
314 2040 348 2100 et
387 2028 645 2122 discrepantiam
679 2031 883 2123 scriptorum
919 2035 1143 2118 attendimus,

171 2156 244 2216 tum
276 2145 430 2236 profecto
465 2141 690 2213 difficultatem
715 2143 934 2228 definitionis,
971 2170 1058 2240 quae
1083 2173 1145 2241 per

172 2281 209 2326 se
243 2278 376 2347 semper
410 2255 530 2323 finibus
565 2255 814 2346 angustioribus
841 2258 1142 2344 circumscribitur,
1235 2277 1245 2294 ·

169 2369 294 2440 hocin
319 2390 399 2438 casu
423 2366 655 2458 intelligemus.

221 2482 359 2575 Optima
383 2491 496 2552 autem
522 2479 669 2550 definitio
695 2481 859 2571 generalis
880 2505 1030 2576 poenae,
1056 2508 1144 2578 quae

169 2595 333 2688 requisita
373 2595 505 2663 diversa
542 2616 672 2684 poenae
710 2594 881 2664 rationalis
921 2598 1144 2690 comprehen-

171 2710 236 2790 dit,
270 2707 334 2776 nisi
366 2707 463 2775 fallor
496 2729 537 2776 ea
569 2714 639 2784 est,
674 2728 775 2796 quam
809 2707 869 2776 Vir
903 2709 952 2777 Cl.
987 2712 1085 2781 Goon
1108 2713 1145 2782 in

171 2819 453 2891 commentatione
497 2817 598 2887 citata
634 2817 823 2910 proposuit.
892 2871 914 2912 „
941 2822 1055 2892 Poena
1093 2833 1144 2892 est

170 2987 193 3026 ‚‚
210 2933 355 3015 malurn,
398 2930 491 3023 quod
533 2939 674 3023 propter
716 2929 865 3000 actiones
904 2933 1037 3016 editas,
1076 2935 1142 3028 legi

171 3098 194 3138 ,‚
212 3046 416 3126 contrarias,
447 3067 509 3112 nec
533 3044 598 3112 nisi
622 3054 763 3135 propter
788 3066 864 3126 eas,
890 3045 1034 3118 alienia
1059 3049 1144 3119 civi-

170 3169 278 3250 „tate
302 3158 490 3250 infligitur.”

218 3272 312 3342 Haec
347 3270 494 3340 definitio
521 3269 641 3338 sufficit
665 3268 708 3339 ad
733 3268 1022 3342 adumbrationem
1047 3273 1142 3344 ideae

169 3383 381 3475 principalis,
424 3383 484 3452 sed
524 3383 618 3454 varia
658 3381 822 3474 requisita
861 3405 932 3452 non
966 3383 1141 3468 describit,

168 3517 281 3587 neque
314 3495 404 3565 clara
436 3504 470 3566 et
493 3495 604 3564 brevis
633 3494 780 3564 definitio
807 3517 848 3564 ea
873 3494 987 3566 omnia
1012 3496 1141 3567 descri-

168 3610 249 3680 bere
281 3618 404 3702 potest.
463 3608 638 3700 Requisita
668 3630 799 3700 poenae
832 3608 1003 3679 rationalis
1032 3634 1140 3703 appa-

168 3733 261 3808 rent,
293 3747 370 3793 mca
393 3722 572 3815 opinione,
607 3721 743 3814 quando
770 3721 918 3792 diversas
943 3722 1036 3794 ideas
1060 3725 1141 3794 sun·

169 3837 373 3910 damentales
423 3834 630 3906 theoriarum
680 3856 824 3926 quarum
864 3858 974 3929 nuper
1014 3837 1140 3907 mentio

167 3950 254 4022 facta
278 3961 347 4032 est,
373 3947 556 4042 prudenter
581 3949 834 4042 conjungimus,
859 3948 908 4020 ita
931 3957 970 4016 ut
990 3948 1055 4021 alia
1070 3973 1140 4020 non

167 4063 202 4133 in
229 4063 465 4136 detrimentum
490 4061 573 4132 alius
599 4061 796 4155 negligatur.

220 4175 350 4258 Quibus
394 4169 634 4255 consideratis,
678 4173 761 4244 haec
798 4184 1004 4268 sequentur,
1047 4175 1139 4267 quod
