2926 5034
643 521 689 589 29

226 729 256 774 o.
308 705 376 774 Aut
408 703 496 774 ratio
537 713 570 774 et
603 701 820 796 intelligentia
854 701 1021 773 desinere
1038 711 1151 796 potest

175 815 384 886 voluntatem
408 813 553 886 hominis
581 816 734 910 dirigere.

224 929 254 996 b.
303 929 372 998 Aut
405 928 507 998 animi
540 938 654 999 motus
679 934 824 1021 possunt
849 926 1022 1000 dominare
1048 949 1151 1022 supra

175 1039 365 1110 facultatem
391 1041 573 1111 voluntatis
601 1041 803 1134 dirigendae.

226 1175 252 1221 c.
302 1153 372 1223 Aut
403 1153 572 1247 utrimque
606 1153 810 1248 conjunctim
842 1151 1029 1223 invenimus
1063 1159 1151 1221 tam-

175 1285 277 1357 quam
302 1287 439 1336 causam
463 1274 675 1348 moventem,
703 1265 839 1358 quando
864 1263 1037 1334 facultates
1054 1285 1151 1332 men-

171 1376 255 1447 tales
291 1377 525 1470 delimpuentis.
546 1377 657 1446 minus
684 1377 836 1446 excultae
871 1385 966 1457 sunt,
1009 1385 1068 1446 ant
1098 1376 1150 1446 vis

21 1510 22 1590 ᾗ
66 1525 70 1530 -
169 1486 308 1556 moralis
348 1487 490 1557 debilior
527 1499 596 1569 est;
642 1511 788 1584 quorum
825 1496 1007 1582 utrumque
1044 1487 1150 1580 origi-

169 1619 248 1667 nem
272 1597 397 1669 habere
421 1608 536 1691 potest
560 1600 595 1670 in
621 1623 767 1695 corpore
793 1610 827 1669 et
852 1600 976 1671 animo.

219 1710 258 1778 ln
292 1733 372 1781 casu
407 1722 544 1783 acerte
569 1712 674 1783 homo
701 1715 917 1808 delinquens,
951 1713 1150 1785 naturaliter

170 1831 282 1892 mente
307 1833 445 1916 captus,
470 1847 656 1917 numquam
681 1827 870 1917 puniendus
897 1826 970 1895 erit.

218 1937 257 2004 ln
291 1959 371 2007 casu
406 1941 424 2008 d
455 1937 654 2029 plerumque
679 1936 874 2030 delinquens
901 1938 1085 2028 culpandus
1113 1945 1147 2005 et

167 2049 356 2138 puniendus
396 2050 477 2132 erit,
516 2071 721 2143 quamquam
759 2048 892 2141 saepius
927 2047 1144 2140 exceptiones

56 2221 60 2225 .
166 2159 331 2229 oriuntur.
381 2161 419 2230 ld
455 2183 592 2253 quoqne
621 2160 793 2251 legislator
817 2169 934 2230 noster
958 2159 1143 2241 intellexit,

168 2269 218 2339 Cf.
253 2279 315 2339 art.
342 2270 531 2352 aar-nt,
567 2272 649 2339 325.
701 2273 785 2340 Cod.
819 2295 940 2362 poem,
975 2274 1142 2364 etiamque

164 2380 231 2450 hoc
264 2380 466 2474 principium
499 2383 543 2452 ad
574 2382 751 2454 nonnullas
783 2381 931 2453 actiones
962 2384 1140 2474 applicuit,

167 2493 216 2563 ct.
243 2503 305 2565 art.
335 2495 439 2565 1362.
474 2495 558 2568 Cod.
586 2496 658 2566 civ.

212 2605 274 2676 Vir
299 2607 348 2676 Cl.
373 2609 515 2687 Manna,
554 2609 600 2698 Cf.
626 2608 774 2676 Hannn's
803 2607 1027 2702 Zeitsclrifts.
1054 2611 1086 2678 d.
1112 2631 1138 2679 a.

163 2741 194 2787 α.
222 2718 252 2786 t.
286 2719 403 2807 Joltrp.
437 2723 455 2786 l
487 2721 564 2808 Heft
595 2721 670 2789 2s.
702 2716 776 2788 267
807 2718 916 2785 minus
942 2729 1032 2808 reete
1059 2721 1137 2810 opi·

158 2837 277 2910 natur,
311 2828 405 2922 quod
443 2829 471 2899 si
505 2828 614 2898 omnis
649 2826 737 2897 actio
770 2849 879 2922 usque
913 2829 956 2899 ad
988 2830 1135 2922 primiti-

157 2963 236 3011 vam
283 2940 448 3032 originem
491 2963 612 3012 causae
649 2941 816 3010 moventis
854 2942 1135 3034 investigaretur,

159 3061 232 3124 turn
265 3077 335 3123 non
369 3055 479 3126 solum
512 3055 692 3125 necessitas
726 3053 866 3124 actionis
891 3063 1039 3146 pateret,
1074 3056 1134 3126 sed

160 3165 260 3236 etiarn
291 3167 485 3261 delinquens
510 3165 712 3260 probaretur
736 3167 933 3237 necessitate
957 3168 1048 3238 fatali
1072 3191 1134 3238 co-

159 3287 253 3348 actus
286 3281 409 3362 fuisse,
444 3279 585 3350 adeam
612 3278 858 3370 perficiendam.
908 3280 1132 3371 Econspec-

160 3399 197 3458 tu
231 3382 465 3484 philosophico
499 3389 583 3460 haec
614 3389 810 3482 hypothesis
845 3389 976 3458 admitti
1004 3391 1132 3481 possit,

158 3501 356 3594 praesertim
389 3503 524 3596 quando
559 3503 684 3572 crimen
715 3502 880 3594 originem
904 3499 1004 3572 habet
1028 3503 1063 3572 iu
1087 3502 1132 3573 li-

158 3613 326 3683 bidinibus
360 3615 685 3698 vehementioribus,
719 3615 779 3685 sed
811 3615 878 3684 hoc
901 3597 1042 3687 in'casu
1066 3616 1132 3687 ho-

160 3745 217 3797 mo
262 3727 394 3799 socialis
430 3729 488 3822 qui
519 3729 668 3821 neglexit
700 3727 752 3798 his
784 3723 975 3798 libidinibus
1008 3727 1132 3801 volun·

158 3847 226 3909 tate
269 3849 303 3908 et
344 3839 467 3910 virtute
510 3841 630 3910 morali
672 3839 856 3922 dominari,
895 3842 967 3934 jam
999 3865 1132 3934 poenae

158 3951 325 4023 obnoxius
361 3963 421 4022 est.
499 3953 534 4022 Si
568 3953 654 4025 ratio
680 3953 720 4022 iis
746 3953 906 4042 resistere·
928 3977 998 4024 non
1023 3966 1129 4048 potu-

158 4065 238 4148 erit,
286 4065 440 4137 educatio
488 4065 521 4136 et
567 4066 619 4135 sui
665 4065 843 4156 imperium
895 4089 951 4136 eas
998 4064 1128 4137 sirmio·-

158 4197 212 4246 res
238 4177 377 4248 reddero
416 4177 612 4251 debuerunt.
664 4179 691 4247 E
727 4187 910 4270 conspectu
943 4179 1129 4250 theoretico
