2922 5024
788 525 835 594 90

320 713 419 805 plena
449 711 619 803 potentia,
659 710 865 780 conscientia
900 718 934 778 et
958 709 1213 800 perspicacitate
1239 733 1296 781 sa-

316 827 357 895 tis
394 825 505 895 lucida
538 823 718 916 gauderet,
753 833 790 892 ut
825 821 1053 892 conditionem
1088 822 1293 892 horrendam

315 947 395 1031 post
445 936 702 1006 decollationem
747 935 958 1028 intelligeret.
1026 939 1098 1006 lmo
1137 937 1291 1006 videmus

318 1050 439 1120 crebro
464 1050 500 1119 in
526 1049 595 1118 vita
620 1049 835 1142 quotidiana,
876 1048 1061 1118 absentiam
1087 1049 1232 1119 subitam
1258 1057 1292 1116 et

317 1164 505 1234 absolutam
548 1162 771 1232 conscientiae
815 1162 915 1243 oriri,
960 1161 1059 1232 etiam
1094 1171 1174 1254 post
1206 1162 1289 1232 bae-

316 1276 526 1369 morrhagias
551 1275 710 1346 minores.

367 1388 582 1482 Quamquam
603 1387 818 1459 haecomnia
835 1387 1039 1458 admittenda
1056 1395 1151 1470 sunt,
1178 1395 1290 1456 tamen

316 1502 542 1571 confitendum
564 1510 634 1582 cst,
660 1501 701 1569 ab
720 1501 824 1570 altera
836 1511 932 1592 parte
945 1502 1117 1571 facultates
1137 1499 1292 1570 cerebra-

315 1613 363 1682 les
398 1621 432 1680 et
465 1612 704 1680 conscientiam
738 1635 807 1680 non
839 1634 973 1703 semper
998 1623 1067 1681 tam
1094 1612 1247 1682 absolute
1274 1635 1294 1682 a

316 1724 451 1794 stimulo
479 1723 663 1815 sanguineo
689 1724 847 1816 pendere.
902 1725 989 1793 Nam
1019 1724 1194 1815 quomodo
1219 1731 1291 1791 tum

316 1837 553 1930 lipotbymiae‚
586 1834 689 1931 (quae
721 1860 789 1906 non
825 1837 868 1907 ad
902 1859 1007 1929 genus
1046 1836 1292 1928 apoplecticum

313 1949 516 2046 pertinent),
542 1950 811 2042 explicarentur,
838 1949 974 2041 quando
1001 1971 1110 2041 neque
1128 1949 1291 2018 ullahae-

315 2065 510 2156 morrbagia
541 2073 599 2132 aut
641 2061 815 2154 congestio
842 2084 898 2130 eas
925 2061 1114 2132 comitatur.
1165 2061 1216 2130 lbi
1240 2069 1294 2132 ta-

315 2199 393 2244 men
434 2175 489 2244 bic
534 2175 686 2244 stimulus
724 2174 836 2268 pergit
872 2173 1080 2244 influentiam
1118 2197 1296 2255 exercere,

316 2297 350 2357 et
375 2298 487 2358 tamen
513 2287 753 2358 conscientiam
777 2287 876 2380 plane
902 2287 1068 2358 sublatam
1093 2287 1293 2358 invenimus

367 2403 488 2472 Nonne
523 2401 664 2472 durante
699 2423 820 2470 somno
855 2399 1059 2469 conscientia
1093 2399 1146 2468 sui
1172 2399 1296 2468 sensim

155 2495 160 2505 l
224 2604 232 2613 .
319 2515 510 2604 sensimque
535 2512 762 2594 imminuitur,
788 2535 894 2604 quum
920 2522 1033 2581 tamen
1060 2511 1215 2581 stimulus
1240 2511 1295 2580 hic

319 2624 463 2718 pergit?
539 2624 718 2714 Praeterea
776 2624 1033 2718 haemorrhagia
1087 2647 1131 2693 ex
1187 2623 1295 2716 capite

319 2747 399 2831 post
424 2735 671 2807 truncationem
696 2738 832 2808 minime
858 2762 992 2833 semper
1017 2749 1086 2808 tam
1104 2737 1295 2814 subitanea;

320 2850 463 2922 arteriae
513 2849 658 2939 capitis,
709 2852 907 2940 praesertim
949 2851 1114 2920 carotides
1157 2873 1297 2941 parvam

320 2961 540 3055 quantitatem
573 2960 744 3049 sanguinis
771 2963 945 3041 amittunt,
982 2971 1015 3029 et
1041 2963 1297 3031 contractilitate

320 3069 481 3164 peculiari
506 3070 620 3159 potius
648 3069 793 3164 aliquam
819 3073 862 3141 ad
887 3072 1063 3143 cerebrum
1087 3073 1296 3165 propellunt,

320 3185 410 3254 idem
453 3168 623 3253 obtinetur
661 3183 696 3253 iu
730 3184 859 3254 arteriis
893 3185 1146 3256 vertebralibus.
1205 3187 1297 3254 Hae—

321 3297 515 3390 morrbagia
552 3319 689 3390 quoque
725 3297 834 3365 nunus
874 3296 1048 3370 subitanea
1085 3321 1128 3368 ex
1165 3298 1298 3390 capite,

319 3421 461 3504 propter
498 3409 590 3478 sinus
629 3418 663 3476 et
700 3407 857 3500 ambages
896 3433 1095 3482 numerosas
1134 3433 1297 3481 vasorum

321 3525 385 3595 bac
426 3525 461 3593 in
493 3529 600 3613 parte.
659 3519 757 3588 Nunc
791 3531 904 3592 autem
937 3523 1106 3593 maximus
1142 3525 1294 3594 ellluvius

322 3636 493 3726 sanguinis
535 3655 596 3723 per
637 3654 740 3704 venas
779 3633 951 3727 jugulares
993 3637 1107 3706 locum
1147 3636 1295 3705 haberet.

323 3747 390 3817 Sed
416 3744 548 3837 saepius
576 3743 814 3828 observamus,
841 3771 945 3840 quum
970 3771 1053 3820 vasa
1074 3747 1205 3840 majora
1221 3747 1295 3837 pla-

321 3885 364 3930 ne
398 3858 657 3952 perscinduntur
690 3859 982 3952 haemorrhagiam
1016 3884 1166 3941 cessare,
1203 3861 1298 3950 quod

319 3973 418 4044 multi
451 3971 646 4041 retractioni
683 3971 816 4042 cuidam
854 3974 1039 4056 eretbicae,
1079 3973 1296 4042 convulsivac

321 4086 512 4159 adscribere
529 4085 727 4164 volucrunt,
754 4083 813 4153 sod
825 4085 922 4178 cujus
936 4077 1176 4176 phaenomeni,
1196 4109 1297 4179 prae-

321 4202 438 4273 sertim
472 4197 565 4291 quod
601 4197 642 4267 ad
669 4197 807 4268 arterias
834 4197 969 4281 attinet,
1009 4201 1107 4268 Doct.
1134 4201 1295 4288 Auussar
