2926 5034
657 499 679 564 9

177 679 345 761 directae,
395 679 490 770 quod
531 687 678 772 systema
724 679 770 772 (l)
834 681 946 752 Gallos
993 695 1146 778 tempore

178 793 336 874 terroris,
370 789 413 861 ad
442 790 564 862 multas
591 791 708 860 caedes
734 791 867 862 inutiles
895 804 928 865 et
953 799 1148 870 crudelissi-

175 927 247 976 mas
279 905 441 984 adduxit,
490 927 573 996 quas
619 903 872 977 committebant
923 909 985 978 sub
1029 913 1147 1005 aegide

178 1019 280 1111 legis,
320 1021 365 1088 lei
389 1021 443 1088 des
467 1033 615 1108 suspects.

230 1129 413 1213 Quomodo
439 1138 552 1200 autem
576 1129 675 1223 hujus
702 1132 892 1224 systematis
916 1133 1066 1204 rationes
1087 1137 1150 1206 ad-

177 1242 341 1313 hibendae
375 1246 482 1312 suut?
532 1243 693 1312 Rationes
726 1245 975 1336 praeventionis
1009 1248 1146 1342 psychi-

179 1379 256 1438 cae‚
310 1379 340 1425 e.
370 1378 403 1446 g.
449 1355 604 1425 educatio
643 1366 701 1426 aut
739 1356 947 1427 amelioratio
986 1360 1149 1431 moralis?

179 1469 279 1537 Certe
319 1467 402 1536 haec
441 1467 660 1559 requiruntur
692 1468 727 1537 in
761 1469 854 1539 omni
888 1478 1068 1561 systemate
1093 1495 1151 1542 ra-

177 1579 295 1650 tionali
339 1578 505 1671 poenali,
566 1590 600 1650 et
645 1579 751 1673 magis
798 1582 963 1652 accedunt
1000 1582 1151 1654 theoriae

177 1695 503 1764 Feuunuseu11.·-
560 1693 720 1763 Rationes
749 1692 908 1786 physicae
940 1704 1033 1765 certo
1060 1696 1148 1766 diffi-

179 1807 272 1877 cilius
307 1805 457 1878 adbiberi
486 1815 647 1897 poterunt
673 1805 744 1875 sine
771 1806 962 1878 coerctione
987 1808 1148 1880 libertatis
1186 1809 1188 1814 ’

177 1918 400 1991 individualis.
450 1918 621 1990 Wrnusnu
647 1925 681 1986 et
704 1916 948 1990 Kieruscuudn
972 1922 1149 2014 interab-

179 2055 239 2116 os,
264 2035 414 2102 lautores
441 2041 520 2100 sunt
543 2029 643 2124 hujus
670 2031 870 2122 systematis.

227 2146 269 2215 V.
321 2133 478 2214 Tuuoun
502 2164 763 2214 nururuurrorus
789 2143 978 2215 Junmrcsu.
1011 2142 1150 2240 (luridi-

178 2257 257 2327 scbe
281 2254 643 2349 Wiedervergeltung).

226 2373 288 2441 Est
329 2391 451 2460 nempe
491 2367 567 2437 tolio
605 2373 780 2447 veterum,
828 2389 930 2458 quam
963 2369 1070 2462 magis
1106 2394 1149 2440 ex

175 2484 322 2554 vindicta
354 2491 467 2552 natam
499 2478 714 2550 considerare
739 2501 946 2570 possumus,
989 2481 1150 2554 translata

178 2619 221 2666 ex
254 2594 318 2664 XII
350 2593 472 2664 tabulis
505 2595 541 2663 in
575 2602 731 2684 tempora
759 2602 887 2663 nostra.
942 2593 1030 2664 Huic
1054 2595 1148 2666 save-

175 2710 258 2780 bant
281 2711 450 2787 Kinaros,
489 2706 674 2785 Ficurrus,
701 2705 880 2787 WnrsruS,
907 2708 1089 2776 Gosrcaus
1115 2718 1149 2776 et

213 3099 262 3180 (l)
281 3099 367 3158 Rosss
384 3099 491 3155 indicat
508 3099 644 3167 modum,
662 3117 720 3172 quo
739 3099 861 3155 defensio
879 3099 1016 3156 indirecta
1026 3101 1056 3155 in
1065 3103 1144 3175 praxi

94 3233 97 3238 ,
178 3195 338 3250 adhibetur.

214 3283 257 3340 La
276 3283 386 3340 defense
404 3299 524 3354 suppose
543 3299 584 3335 uu
602 3278 748 3336 offenseur.
796 3277 837 3336 Le
854 3281 1013 3354 prisonnier
1030 3277 1147 3336 n'offeu·

176 3375 296 3448 sepius.
337 3370 382 3428 Ob
401 3373 476 3428 donc
495 3381 537 3426 est
556 3369 735 3427 l’offeuseur?
772 3369 946 3426 L'offenseur
974 3389 1006 3425 ce
1024 3381 1090 3426 sont
1109 3372 1148 3425 les

178 3465 357 3536 delinquants
385 3463 487 3517 suturs.
518 3493 558 3502 —
586 3459 756 3517 L’existcnce
785 3462 820 3515 de
847 3478 891 3514 ces
910 3460 1088 3533 delinquants
1106 3472 1148 3516 est

175 3555 361 3610 moralemeut
380 3555 502 3609 certaiue
527 3554 549 3606 si
569 3571 607 3607 on
626 3557 671 3608 dte
691 3557 709 3608 a
728 3553 755 3606 la
774 3553 877 3606 socie'te'
901 3551 926 3606 le
945 3552 1022 3606 droit
1040 3552 1075 3605 de
1094 3571 1149 3624 pu·

175 3647 230 3701 uir.
268 3643 295 3700 Il
321 3665 376 3720 ya
395 3646 469 3700 donc
488 3645 592 3718 danger
611 3645 729 3699 certain.
770 3639 810 3699 θι·
832 3662 873 3698 un
908 3643 1014 3719 danger
1041 3645 1148 3699 certain

176 3739 309 3810 equivaut
336 3743 353 3792 a
384 3755 438 3792 une
465 3736 601 3790 tentative
629 3735 768 3803 actuelle‚
797 3736 867 3791 dans
885 3753 917 3790 ce
936 3754 998 3790 sens
1017 3753 1071 3808 que
1090 3732 1150 3789 l'un

175 3838 204 3884 et
233 3827 335 3884 l’autre
362 3829 515 3902 legitimans
543 3827 570 3880 la
599 3826 720 3880 de'iense.
739 3855 779 3867 -
817 3823 860 3881 La
879 3827 988 3900 legique
1008 3836 1049 3882 est
1068 3834 1151 3899 peut-

174 3920 235 3974 ttre
254 3919 407 3988 satisfacite,
423 3919 493 3974 mais
512 3917 539 3972 ia
558 3913 673 3972 raison?

211 4007 254 4066 Le
282 4011 377 4066 raison
407 4008 590 4066 consent-elle
620 4005 706 4082 qu’on
734 4007 825 4081 inflige
852 4025 893 4062 un
911 4008 969 4064 mal
988 4009 1102 4082 present
1120 4013 1149 4060 et

174 4101 289 4173 positis,
316 4119 352 4155 en
370 4118 423 4155 rue
443 4097 511 4156 d'un
532 4099 636 4172 danger
654 4092 814 4171 probable?

213 4188 314 4261 bessu,
341 4193 425 4248 traite
443 4193 477 4249 de
497 4192 573 4247 droit
592 4189 685 4264 pe'ual.
715 4208 743 4261 p.
767 4183 831 4242 lll.
