2922 5024
213 1439 472 1520 munus
496 1438 720 1514 rursus
743 1435 887 1514 nnn
911 1402 1114 1508 rinen-

449 1593 888 1674 numeneus.

503 1920 835 1966 ...quemn-

228 2238 425 2370 Pestquam
464 2279 574 2371 patria
606 2287 723 2348 nostra
752 2279 892 2348 liberata
917 2277 982 2346 tuit
1004 2275 1154 2346 dominio

182 2392 373 2472 Gallorum,
398 2413 459 2482 per
485 2413 522 2461 se
546 2391 788 2471 institutiones,
815 2413 898 2484 quas
916 2399 954 2458 ut
970 2389 1156 2458 nationales

182 2505 462 2586 introduxerant,
502 2505 600 2575 simul
632 2527 709 2573 curu
741 2503 926 2573 mutatione
960 2500 1093 2592 imperii
1118 2525 1156 2570 a·

181 2617 290 2688 huleri
329 2617 504 2686 debebant.
564 2616 766 2685 Praesertim
798 2626 952 2706 tempore
986 2613 1155 2682 recentio-

179 2753 244 2810 re,
282 2731 448 2820 9uillotine
489 2729 524 2796 in
567 2727 838 2796 exsecutionibus
880 2726 1077 2818 poenalibus
1120 2727 1156 2796 in

180 2839 287 2911 Gallia
318 2839 417 2908 nimis
448 2841 612 2911 famosam
645 2848 776 2931 partem
813 2847 949 2931 egerat,
985 2859 1086 2930 quum
1117 2846 1156 2910 ut

181 2952 330 3045 separari
364 2952 513 3045 potnerit
546 2977 567 3022 a
591 2952 755 3021 mensoria
781 2953 945 3033 nationis,
984 2972 1071 3045 quae
1096 2951 1152 3021 in-

180 3076 356 3136 ventorem
410 3065 570 3136 Guillotin
625 3065 751 3136 civibus
795 3066 863 3136 suis
902 3065 1153 3136 annumerabat.

180 3179 276 3250 Hane
309 3179 354 3248 ob
380 3200 470 3258 rem,
503 3175 552 3272 (ut
577 3178 728 3247 nonnulli
753 3177 902 3272 volunt),
926 3179 1026 3248 tacite
1051 3178 1154 3248 abro-
1197 3199 1204 3209 ·

181 3293 324 3384 gebatur
346 3291 482 3360 decreto
512 3293 551 3361 11
581 3290 740 3360 Decemb.
769 3291 874 3360 1813.

228 3387 278 3472 ibi
310 3403 451 3494 legimus
491 3411 552 3472 art.
580 3406 613 3471 5.
665 3403 764 3492 „De
790 3401 1151 3472 doodstraffenzulien

181 3561 203 3607 „
228 3524 395 3584 voortaan
428 3521 492 3604 zijn
524 3514 734 3595 tweederlei,
776 3524 809 3584 te
843 3525 953 3586 weten
989 3515 1030 3584 de
1056 3525 1153 3606 strop

148 3681 203 3723 4,
229 3651 271 3698 en
310 3627 369 3697 het
400 3628 576 3708 zweard3'’
626 3638 659 3698 et
689 3649 789 3696 mox:
841 3679 864 3721 a>
889 3631 941 3699 De
972 3629 1057 3698 strui
1082 3637 1152 3698 met

183 3741 287 3834 „het
323 3742 457 3813 zwaard
490 3740 602 3812 werdt
634 3739 848 3831 nitgeoefend
880 3741 967 3813 door
991 3741 1153 3812 onthoof-

182 3905 204 3946 ,‚
231 3855 311 3948 ding
352 3877 417 3925 van
461 3855 525 3924 den
567 3854 853 3936 veroordeelden,
896 3854 1071 3926 knielende
1106 3878 1151 3947 op

181 4016 203 4057 „
228 3967 286 4037 het
311 3967 451 4038 schavot
477 3991 518 4036 en
543 3966 810 4059 gehlinddoekt.’'

229 4079 348 4150 Verbis
375 4133 398 4172 e
416 4082 581 4150 intetende
606 4103 646 4171 op
672 4078 891 4150 tetulerunt
917 4101 978 4172 per
1004 4105 1040 4152 se
1066 4080 1152 4152 abo-1

182 4190 311 4264 lebatur
327 4194 427 4266 tacite
444 4195 634 4286 quitlotinu,
660 4215 764 4286 quum
779 4214 851 4263 vox
867 4195 1016 4274 zwaurd,
1043 4192 1152 4262 minus
