2926 5034
759 525 805 594 38

291 704 488 773 nullomodo
528 713 640 773 autem
678 705 720 774 ad
761 702 1000 774 defendendam
1039 701 1261 771 existentium.

295 816 407 898 Quam
465 815 711 886 distinctionem
761 839 830 886 non
879 815 1049 907 intelligo,
1102 813 1263 907 quoniam

292 929 369 999 idea
402 929 602 999 defensionis
636 954 697 1023 per
731 931 858 1023 sejam
885 929 1033 998 eontinet
1057 927 1167 996 ideam
1187 925 1263 1018 jus-

294 1041 395 1111 titiae.
455 1041 619 1124 Quaestio
651 1065 733 1112 num
767 1042 909 1112 societas
939 1042 1018 1134 jura
1051 1061 1113 1110 sua
1146 1040 1263 1133 ejure

294 1154 469 1224 collectivo
507 1155 757 1224 individuorum
796 1156 958 1246 accipiat,
1007 1152 1120 1244 paullo
1157 1151 1265 1220 fusius

290 1267 372 1336 mihi
405 1267 580 1339 tractanda
612 1268 696 1352 suit,
732 1267 893 1360 quoniam
920 1268 949 1336 si
973 1266 1039 1334 hoo
1063 1263 1265 1356 principium

290 1379 535 1450 admittendum
577 1392 647 1462 est,
702 1381 845 1451 societas
888 1375 1086 1450 nullomodo
1119 1396 1267 1467 poenam

291 1493 410 1562 mortis
431 1493 509 1585 jure
535 1515 695 1562 exercere
719 1503 846 1584 posset.

341 1605 532 1674 Adversarii
561 1627 684 1695 poenae
717 1607 829 1675 mortis
862 1628 932 1674 cam
965 1601 1115 1693 rejiciunt
1147 1613 1185 1670 ut
1212 1602 1265 1670 in·

291 1720 469 1788 humanam
499 1731 528 1786 et
558 1719 727 1786 crudelem.

341 1831 386 1898 Et
410 1851 500 1898 nuno
524 1829 732 1920 ingredimur
757 1851 871 1899 aream
895 1829 997 1898 latam
1025 1837 1267 1916 extensamque

297 1941 568 2013 adversariorum
593 1941 693 2036 hujus
720 1965 861 2034 poenae.
909 1942 954 2010 Et
980 1963 1040 2010 cur
1063 1938 1138 2008 dico
1156 1959 1268 2007 aream

298 2060 498 2126 extensam?
563 2055 733 2137 Quoniam
782 2078 872 2123 nunc
920 2054 1053 2123 frenum
1101 2051 1270 2120 remittere

297 2167 549 2259 imaginationi,
585 2177 619 2237 et
642 2166 898 2237 innumerabilia
924 2165 1079 2258 exempla
1102 2161 1272 2234 horrenda
1311 2217 1315 2224 .

300 2281 556 2351 exsecutionum
580 2282 732 2376 prolerre
756 2287 918 2373 possunt,
944 2279 1065 2372 quibus
1082 2277 1273 2347 hominihus

302 2392 565 2463 sensibilioribus
626 2394 822 2463 inconsultis
869 2391 965 2460 facile
1006 2388 1268 2480 persuadebunt.

225 2542 231 2549 ·
299 2507 410 2574 ludex
443 2505 638 2596 impartialis
674 2511 787 2574 autem
818 2511 851 2571 et
882 2501 1017 2572 sedatus
1052 2500 1185 2582 animo,
1212 2500 1271 2592 qui

300 2639 372 2684 rem
397 2615 503 2707 magis
530 2639 548 2684 e
574 2624 757 2708 conspectu
782 2613 929 2707 generali
954 2623 987 2682 et
1011 2612 1160 2705 practico
1187 2635 1271 2682 oon-

301 2728 447 2810 siderat,
479 2729 589 2800 minus
614 2730 708 2799 facile
735 2728 929 2820 decipietur.

352 2843 462 2932 Supra
488 2842 630 2910 vidimus
656 2841 855 2934 requisitum
880 2839 1064 2930 principale
1086 2860 1272 2930 poenarum

302 2977 399 3033 esse,
441 2962 480 3021 ut
513 2973 645 3042 semper
679 2953 714 3020 in
747 2951 971 3041 proportione
1005 2949 1181 3018 criminum
1208 2972 1271 3038 ap-

301 3065 476 3158 plicentur.
526 3067 571 3134 Et
594 3063 652 3130 ubi
676 3063 901 3131 inveniremus
926 3083 1090 3152 poenam,
1129 3057 1274 3151 (praeter

302 3175 525 3246 reclusionem
550 3197 701 3245 severam
727 3174 1019 3267 Pensylvanicam,
1058 3195 1160 3265 quom
1184 3195 1273 3240 non-

303 3290 385 3360 nulli
421 3311 552 3381 poenae
589 3288 707 3358 mortis
747 3286 948 3356 substituere
981 3285 1183 3365 voluerunt,
1231 3285 1272 3354 de

304 3405 427 3499 quihus
452 3399 571 3496 inira),
606 3423 692 3494 quae
719 3399 965 3493 delinquentem
989 3399 1024 3468 in
1049 3399 1272 3491 proportione

305 3516 451 3588 criminis
483 3515 630 3605 affligere
654 3522 785 3603 potest,
820 3535 896 3581 eum
923 3512 981 3605 qui
1007 3511 1078 3581 aliis
1106 3533 1274 3580 summum

304 3633 433 3699 bonum
467 3650 513 3695 sc.
546 3625 649 3693 vitam
683 3624 860 3694 crudeliter
885 3625 1039 3705 abstulit,
1076 3634 1115 3692 ut
1140 3624 1273 3714 saepius

305 3764 376 3812 non
400 3739 465 3809 nisi
489 3759 632 3832 parvum
647 3736 778 3806 luorum
794 3737 966 3807 materiale
983 3737 1046 3806 sibi
1062 3736 1275 3830 acquireret?

357 3853 429 3936 lte,
474 3847 627 3945 (clamant
659 3845 841 3918 adversarii
874 3870 1005 3942 poenae
1039 3847 1190 3942 mortis),
1234 3847 1277 3916 ad

307 3967 422 4036 looum
455 3961 699 4044 exsecutionis,
734 3959 869 4055 quando
904 3961 1098 4055 delinquens
1124 3959 1278 4030 ultimum

311 4076 512 4172 supplicium
550 4076 662 4146 subire
701 4073 817 4156 dehet,
855 4074 989 4166 adspice
1028 4073 1206 4166 agoniam,
1245 4081 1279 4142 et

311 4191 548 4286 imaginatione
574 4189 745 4258 inlocum
771 4189 843 4258 eius
872 4197 905 4256 te
926 4189 1125 4270 transferas,
1151 4187 1200 4254 δι·
1217 4185 1276 4252 &·.
