2926 5034
755 449 801 518 66

291 631 491 724 telligentiae
510 630 531 724 ‚)
573 627 760 725 (Magendie
803 640 836 700 et
877 631 1136 726 boemundus),
1188 654 1262 701 me-

293 744 383 815 dulla
429 743 612 835 oblongata
657 743 760 834 igitur
810 765 928 813 omnes
978 744 1039 814 has
1089 743 1262 814 facultates

293 867 331 926 ut
370 879 535 948 organum
575 857 719 926 oentrale
753 856 786 924 in
827 877 863 924 se
898 866 1103 926 concontrat.
1155 859 1261 928 Prae-

294 969 409 1038 sertim
449 969 591 1039 allerunt
628 967 886 1059 respirationem
922 979 955 1036 et
987 978 1119 1038 motum
1154 970 1265 1060 respi-

292 1082 432 1154 rationis
465 1080 685 1174 impeditum‚
725 1080 782 1174 qui
814 1079 961 1150 laesione
987 1082 1152 1150 medullae
1178 1104 1262 1172 pro-

294 1197 473 1266 dueun'ur.

342 1305 533 1376 Secundum
560 1325 643 1386 eos,
681 1304 811 1375 lunatio
837 1305 1035 1399 plerumque
1060 1307 1173 1375 locum
1198 1304 1262 1375 ha-

292 1421 349 1490 het
374 1419 461 1490 inter
491 1421 505 1488 1
536 1428 570 1485 et
595 1421 618 1485 2
644 1417 835 1488 vertebram
863 1419 1081 1498 cervicalem3
1122 1419 1170 1488 Cf.
1196 1419 1264 1487 Pn-

293 1555 370 1612 rrr,
405 1532 502 1600 truite'
530 1531 585 1596 des
618 1530 775 1598 maledieo
801 1532 855 1598 des
881 1554 925 1598 os.
955 1534 1053 1620 Cleop.
1080 1534 1114 1599 u
1134 1555 1169 1620 p.
1198 1530 1265 1609 67,

292 1652 350 1714 aut
384 1651 423 1710 ut
456 1639 510 1708 alii
544 1640 664 1710 volunt
695 1641 783 1709 inter
809 1641 831 1708 3
858 1650 892 1708 et
917 1642 940 1709 d
966 1641 1178 1720 vertebram;
1217 1645 1264 1734 Cf.

292 1756 453 1831 Vnnneu,
480 1752 577 1822 traite'
598 1755 652 1822 des
669 1753 826 1822 melodias
844 1756 898 1823 des
915 1777 959 1822 os.
979 1771 1052 1824 tom.
1070 1756 1107 1823 ΙΙ
1120 1777 1153 1844 p.
1172 1754 1244 1823 155
1254 1779 1265 1831 ,·

295 1865 438 1959 denique
485 1863 540 1934 elii
576 1864 760 1934 laesionem
796 1866 961 1936 medullae
999 1867 1265 1936 observaverunt

293 1981 445 2051 elleutam
487 1999 585 2058 esse,
628 1987 769 2069 ruptura
810 1977 980 2068 ligamenti
1018 1987 1052 2046 et
1089 1978 1264 2069 pressione

295 2111 476 2184 processus
515 2088 722 2158 odonto'idei.
777 2090 823 2181 Cf.
849 2091 1061 2172 limosano,
1102 2093 1140 2160 de
1169 2092 1266 2182 Capi-

293 2206 331 2274 tis
366 2201 589 2272 attitulatione
615 2225 688 2272 oum
709 2202 821 2293 primu
846 2215 874 2272 et
898 2207 1040 2274 secunda
1066 2205 1140 2274 cotti
1163 2219 1265 2274 uerte-

294 2320 365 2388 dru.
420 2317 498 2386 Tuo.
524 2311 634 2394 4747,
660 2325 694 2383 et
718 2315 756 2382 B.
783 2317 825 2382 D.
851 2318 1043 2386 ltlaucuann
1069 2319 1120 2384 De
1138 2317 1265 2386 lauati-

294 2456 354 2501 oue
378 2431 514 2500 uuolrue.
569 2429 646 2494 Tub.
673 2424 773 2494 4747.

342 2541 409 2611 Sed
438 2561 528 2607 nuno
564 2535 718 2628 quaestio
745 2535 936 2628 principalis
963 2537 1046 2608 haee
1071 2548 1144 2606 est:
1182 2561 1264 2608 num

292 2675 426 2746 semper
467 2649 676 2720 luxationem
720 2649 940 2720 observamus
980 2652 1069 2744 apud
1108 2674 1168 2720 eos
1207 2651 1264 2745 qui

294 2764 524 2859 suspensionis
562 2774 707 2834 mortem
750 2766 931 2834 obierunt?
982 2767 1188 2856 Morgagnus
1231 2765 1266 2834 id

292 2880 396 2949 modo
440 2874 626 2943 certissimo
671 2874 842 2953 adfirmat,
886 2876 1017 2943 dioens:
1069 2878 1284 2962 „Causam

292 2988 459 3084 „mortis
495 3005 738 3075 suspensorum
773 2985 999 3076 quaerendam
1034 3008 1108 3054 esse
1133 3008 1203 3054 non
1228 2987 1263 3056 in

295 3101 383 3192 „iis
418 3120 505 3192 quae
529 3095 717 3176 interdum,
753 3097 811 3165 sed
839 3120 926 3189 quae
953 3119 1086 3189 semper
1111 3108 1169 3166 aut
1193 3101 1262 3168 fere

292 3235 476 3306 „semper
509 3219 543 3279 et
576 3209 642 3280 cito
676 3209 889 3291 interimant,
927 3210 977 3278 uti
1012 3220 1062 3280 est
1088 3233 1264 3304 suprema-

294 3379 316 3420 „
343 3325 574 3398 vertebrarum
598 3321 757 3392 luxatio.''

341 3441 453 3510 Etiam
488 3439 537 3508 cl.
570 3438 676 3505 Lours
710 3444 824 3503 narrat
856 3444 954 3506 antea
979 3437 1115 3508 Parisiis
1142 3440 1264 3509 collum

296 3573 538 3644 suspensorum
564 3549 634 3616 lere
661 3569 793 3638 semper
817 3546 971 3618 luxatum
987 3550 1110 3633 tuisse,
1142 3552 1266 3642 quoni-

295 3687 350 3734 am
389 3661 559 3731 oarnilioes
586 3658 767 3728 tractiones
794 3661 978 3730 contrarias
1006 3664 1187 3732 rotatorias
1212 3663 1266 3731 in-

295 3773 498 3853 stituebant,
526 3781 559 3840 et
585 3781 704 3842 trunco
731 3771 909 3841 uilissimos
936 3784 1049 3847 motus
1073 3775 1267 3844 semicircu-

292 3889 379 3959 lares
405 3884 617 3976 impertitur,
643 3884 732 3952 unde
756 3884 886 3952 luxatio
913 3885 1016 3976 vulgo
1043 3888 1160 3956 oritur.

341 4001 435 4070 Psnri
483 4020 621 4092 quoque
669 4019 802 4089 semper
847 3996 1057 4066 luxationem
1104 3999 1267 4070 observa-

293 4116 372 4196 bat,
416 4123 449 4182 et
485 4133 560 4180 cum
596 4109 709 4180 multis
744 4107 815 4200 aliis
842 4109 907 4180 hoo
933 4109 967 4179 in
994 4133 1073 4180 oasu
1100 4113 1266 4184 convenit.
