2922 5024
619 464 687 534 109

163 637 198 710 in
223 641 445 724 secludendo,
487 643 736 716 modificatione
761 648 917 740 generis,
953 651 1136 744 temporis,

162 760 195 820 et
227 754 330 822 modo
364 756 528 827 tractandi
553 758 742 838 maleficos;
777 769 811 828 et
836 760 884 829 sic
909 784 983 832 eam
1007 764 1135 834 facilius

161 864 195 934 in
220 867 443 958 proportione
469 869 615 940 criminis
641 871 809 962 applicare
835 895 1028 963 possumus.

210 981 245 1047 2.
297 978 465 1060 Quoniam
490 981 594 1050 modo
622 993 714 1052 certo
740 984 929 1056 maleficum
951 987 1135 1060 innocuum

162 1089 291 1172 reddit,
317 1100 350 1160 et
375 1092 570 1164 societatem
596 1105 777 1166 assecurat.

213 1202 246 1271 3.
300 1201 470 1284 Quoniam
495 1206 629 1298 saepius
655 1208 774 1298 poenis
801 1207 1036 1302 corporalibus
1053 1212 1135 1282 sun-

164 1314 274 1398 stitui,
301 1326 359 1387 aut
385 1339 441 1388 eas
468 1319 624 1409 excipere
648 1329 772 1409 potest.

212 1428 248 1496 l.
300 1428 471 1510 Quoniam
506 1430 714 1502 rationaliter
747 1432 912 1514 adhibita,
955 1435 1138 1506 tentamina

159 1540 271 1612 fausta
300 1539 342 1612 ad
368 1541 657 1613 ameliorationem
685 1545 850 1616 moralem
875 1545 1049 1616 instituere
1069 1569 1136 1638 po·

162 1662 239 1722 test.

210 1766 262 1836 Ab
303 1766 407 1838 altera
439 1776 535 1858 parte
568 1791 705 1862 quoque
729 1769 952 1840 incommodis
978 1771 1136 1862 gravibus

162 1878 318 1962 laborat,
343 1901 484 1971 nempe:

214 1994 246 2062 l.
296 1991 480 2064 Sumtubus
506 1991 702 2085 majoribus.

212 2107 246 2173 2.
296 2105 509 2196 Exponendo
547 2105 707 2176 familiam
740 2105 881 2176 malefici
915 2105 1072 2176 miseriae
1106 2113 1140 2174 et

163 2216 327 2307 egestati;
354 2215 515 2307 quoniam
542 2216 684 2285 seclusio
713 2218 870 2288 diuturna
895 2241 972 2288 eum
998 2243 1019 2288 a
1041 2218 1139 2289 labo-

161 2351 201 2396 re
226 2327 424 2421 quotidiano
450 2325 583 2395 retinet.

214 2441 248 2510 3.
299 2439 453 2510 Periculo
487 2438 522 2508 in
555 2462 624 2532 quo
651 2439 942 2534 societatistquics
968 2436 1140 2524 versetur,

165 2552 433 2624 accumulatione
458 2551 700 2622 maleficorum.

214 2667 250 2736 d.
300 2663 477 2734 lnlluentia
505 2665 695 2754 perniciosa
728 2665 979 2734 consuetudinis
1012 2666 1141 2736 malefi-

166 2800 286 2848 eomm
310 2775 397 2844 inter
423 2798 480 2858 sc,
507 2785 541 2844 et
566 2775 802 2867 corruptionis.

215 2893 248 2958 ὅ.
300 2889 385 2980 Spes
435 2888 549 2958 relicta
600 2887 767 2958 evasionis
807 2897 841 2956 et
880 2887 1050 2960 libertatis
1083 2914 1139 2960 re-

167 3001 397 3094 cuperandae,
425 3023 512 3092 quae
537 2999 629 3072 nullo
655 2999 759 3069 modo
785 2999 858 3068 tolli
883 3011 1006 3091 potest.

217 3116 252 3184 6.
301 3113 456 3184 Facultas
500 3111 676 3182 arbitraria
713 3112 918 3181 directorum
952 3121 985 3182 et
1022 3123 1140 3184 custo-

169 3225 249 3296 dum
274 3247 467 3307 carcerum,
494 3249 581 3318 quae
607 3233 697 3292 certe
722 3245 787 3316 pro
813 3232 928 3313 parte,
955 3224 1015 3292 sed
1038 3248 1140 3294 num-

169 3360 272 3431 quam
296 3346 370 3406 tota
395 3337 544 3406 coerceri
569 3345 692 3428 potest.

215 3451 308 3520 Haec
323 3449 423 3528 vitia,
439 3448 572 3518 diversa
584 3457 766 3542 systemata
779 3448 958 3518 emendare
972 3457 1031 3520 aut
1042 3449 1141 3540 plane

172 3563 291 3634 tollere
318 3570 500 3632 conantur:
527 3563 608 3655 quid
632 3561 816 3644 valuerint,
840 3562 927 3632 inlra
942 3561 1140 3632 videbimus.

216 3675 379 3746 Universa
417 3675 565 3745 rationes
605 3675 758 3745 diversae
791 3697 980 3766 poenarum
1003 3674 1141 3748 liberta·

166 3799 234 3858 tem
278 3787 527 3880 spectantium,
565 3788 658 3881 quod
695 3787 738 3861 ad
771 3788 912 3858 modum
946 3797 979 3858 et
1006 3798 1140 3881 tempus

168 3902 307 3983 attinet,
334 3910 430 3970 sunt:

215 4017 256 4086 Α.
305 4017 432 4086 Poenae
467 4015 641 4086 libertatem
675 4016 845 4107 afficientes
874 4041 958 4109 quac
983 4039 1054 4088 eum
1074 4040 1142 4106 pa-

170 4150 244 4196 rum
270 4138 423 4198 coerceat.
