2926 5034
630 519 676 584 27

209 703 245 769 ln
281 698 450 790 puniendo
485 721 552 766 non
588 698 698 766 solum
731 695 893 776 malefici,
938 695 1131 778 sedetiam

162 811 329 881 societatis
363 811 450 880 ratio
482 811 637 880 habenda
669 817 739 887 est;
772 809 794 877 i.
822 829 850 875 e.
888 807 1135 900 delinquentem

159 935 320 1018 quantum
353 923 425 992 lieri
458 931 572 1014 potest
595 922 779 991 innocuum
803 919 954 988 reddere.
1006 919 1044 988 ld
1070 918 1135 987 ob-

160 1037 284 1106 tinetur
308 1034 493 1104 rationibus
519 1035 685 1127 physicis,
719 1057 752 1103 v.
778 1058 807 1101 c.
834 1030 1042 1111 reclusione,
1078 1039 1140 1100 aut

162 1149 327 1243 psychicis
359 1147 464 1216 modo
497 1145 680 1228 indirecte,
715 1169 761 1214 sc.
796 1143 994 1213 educatione
1019 1142 1073 1210 vel
1097 1165 1135 1209 e-

163 1261 377 1332 mendatione
410 1259 541 1328 morali.
566 1303 616 1313 —
665 1261 703 1328 ln
737 1257 860 1328 theoria
886 1256 1138 1324 amelioratione

162 1377 296 1445 morulis
320 1373 402 1440 haec
426 1369 514 1439 ratio
539 1369 637 1437 nimis
664 1369 804 1447 eminet;
831 1389 1034 1460 quamquam
1051 1389 1137 1457 poe-

161 1510 206 1556 na
243 1484 310 1553 hoc
330 1471 480 1576 ‘quoque
515 1481 686 1552 attendere
719 1481 836 1563 dehet,
874 1499 1060 1572 numquam
1085 1487 1139 1546 ta·

161 1620 238 1668 men
273 1615 396 1686 scopus
430 1593 622 1686 principalis
656 1615 731 1663 esse
766 1593 874 1662 debet.
924 1591 969 1662 Hi
995 1601 1137 1660 conatus

161 1708 422 1781 ameliorationis
473 1708 610 1776 moralis
657 1707 915 1785 maleficorum,
965 1704 1000 1772 iu
1041 1703 1140 1795 praxi

163 1823 266 1893 modo
302 1831 509 1912 naturaeque
535 1819 700 1888 humanae
726 1829 806 1910 apto
833 1815 1011 1887 adhibendi
1037 1826 1135 1896 sunt,

166 1945 200 2004 et
240 1933 395 2004 evitanda
436 1930 568 2000 somnia
602 1929 787 2000 theoretica
823 1928 1138 2020 philanthroporum

165 2045 402 2116 recentiorum.

212 2156 373 2226 Nonnulli
398 2153 533 2246 quidem
559 2162 692 2223 exstare
717 2164 861 2244 possunt
886 2151 1046 2234 malefici,
1081 2148 1139 2244 qui

164 2268 372 2339 rationaliter
409 2264 542 2333 tractati
576 2264 717 2331 durante
752 2289 882 2359 poena,
924 2267 959 2334 in
994 2265 1140 2334 societa-

164 2391 233 2450 tem
258 2379 306 2450 ita
329 2376 471 2448 redeunt
496 2383 534 2444 ut
560 2395 618 2444 eos
637 2376 811 2466 poeniteat
828 2377 916 2446 vitae
933 2376 1139 2467 praeceden-

163 2495 225 2574 tis,
260 2501 293 2561 et
326 2513 403 2560 cum
427 2487 584 2560 laudabili
609 2487 750 2556 consilio
776 2487 864 2558 vitae
889 2487 1007 2558 melius
1034 2509 1138 2579 agen-

166 2607 227 2676 dae
260 2605 296 2674 in
327 2604 487 2673 futurum.
539 2602 665 2669 Tamen
690 2600 794 2669 homo
821 2601 863 2671 ad
888 2601 988 2670 talem
1015 2602 1139 2692 depra-

165 2717 336 2787 vationem
381 2735 418 2780 se
464 2712 606 2804 dejicere
647 2721 761 2802 potest
797 2721 835 2778 ut
872 2713 981 2780 omnis
1020 2735 1138 2782 sensus

165 2827 302 2898 moralis
336 2824 568 2915 extinguatur,
603 2833 637 2891 ct
671 2843 788 2890 omnes
822 2822 970 2892 actiones
1005 2845 1080 2892 sese
1104 2824 1139 2892 in

166 2948 354 3032 cgo'ismum
386 2936 586 3006 illimitatum
620 2942 858 3016 concentrent,
891 2935 926 3006 in
952 2959 1054 3028 quem
1079 2960 1141 3006 co·

164 3063 262 3124 natus
296 3047 556 3123 ameliorationis
590 3046 671 3115 nihil
704 3048 891 3131 efficerent,
924 3049 989 3120 nisi
1015 3060 1052 3120 ut
1076 3049 1140 3142 hy-

164 3165 296 3257 pocrita
345 3163 428 3241 fiat,
483 3183 557 3230 sese
608 3159 816 3241 emendare,
866 3162 1051 3245 videatur,
1102 3171 1141 3232 ut

167 3275 384 3347 commodum
420 3272 590 3342 materiale
627 3269 693 3340 hoc
730 3272 834 3340 modo
875 3273 1003 3342 facilius
1045 3295 1140 3344 asse-

170 3399 303 3483 quatur.
370 3387 496 3454 Tamen
537 3384 660 3452 multae
703 3383 919 3474 exceptiones
960 3385 1140 3454 inveniun-

172 3512 228 3570 tur
272 3509 305 3568 et
346 3497 446 3588 longe
488 3495 582 3566 abest
615 3504 652 3563 ut
685 3495 813 3566 Rossro
846 3496 952 3566 hocce
985 3507 1141 3589 respectu

175 3611 380 3688 assentirem
439 3610 484 3701 Cf.
527 3609 631 3678 Rossr
682 3610 778 3679 truite
824 3612 863 3680 dc
913 3606 999 3681 droit
1041 3614 1144 3704 pdncl

167 3751 202 3819 p.
229 3725 316 3799 295.

167 3951 436 3965 Μ

168 4118 203 4172 pc
220 4099 410 4173 simpliciter,
439 4097 591 4170 aliquando
624 4115 689 4152 cum
719 4097 854 4155 facultate
884 4117 947 4156 cam
976 4099 1140 4156 redimendi.

174 4187 216 4244 cr.
236 4187 377 4246 siranus
398 4200 465 4245 tom.
486 4172 549 4261 1'12.
573 4183 634 4242 ror.
655 4184 795 4242 cae-31.
