2922 5024
751 499 819 567 idi

300 680 502 750 animalium.
563 680 736 774 Quidquid
769 682 831 763 sit,
868 682 1004 752 minime
1038 703 1163 773 negare
1187 705 1275 776 pos-

299 815 374 862 sum
410 815 451 862 ea
484 814 571 884 quae
605 793 709 864 modo
745 793 815 862 dini
846 793 1101 864 incommodum
1135 805 1193 865 aut
1223 795 1277 866 vi-

199 893 206 904 *
297 904 382 976 tium
415 904 514 998 hujus
547 927 679 997 poenae
715 928 808 987 esse,
844 929 1050 998 quamquam
1076 929 1178 998 spero
1203 909 1277 978 fore

296 1026 336 1088 ut
355 1019 427 1112 Jam
452 1017 533 1088 satis
559 1018 879 1102 demonstraverim,
906 1027 1065 1090 eventum
1088 1020 1275 1110 practicum

298 1152 369 1200 non
403 1141 579 1223 tantopere
612 1129 798 1201 timendum
823 1154 918 1213 esse,
951 1140 1161 1225 quantopere
1186 1155 1277 1202 non-

297 1244 380 1314 nulli
405 1244 596 1314 voluerunt.

296 1347 308 1366 '
346 1357 466 1428 Adhuc
497 1357 565 1426 hoc
597 1355 716 1426 vitium
749 1357 958 1450 aliquatenus
993 1355 1110 1426 evitari
1134 1363 1274 1448 potest,

297 1471 403 1540 modo
434 1471 519 1540 haec
552 1491 665 1559 poena
694 1491 764 1538 non
790 1469 890 1539 nimis
916 1469 1036 1540 crebro
1061 1468 1183 1538 necin
1207 1469 1274 1538 mi-

295 1582 435 1651 noribus
471 1579 618 1663 delictis,
653 1587 686 1648 et
709 1603 894 1674 numquam
919 1591 978 1652 aut
1002 1581 1174 1652 rarissime
1197 1604 1274 1654 ma-

294 1693 397 1762 leficis
420 1691 610 1786 junioribus
635 1691 816 1783 infligatur.

346 1805 591 1900 improbandus
634 1815 746 1875 tamen
783 1805 907 1875 modus
945 1828 1014 1900 quo
1051 1806 1118 1879 hoc
1155 1813 1273 1884 vitium

201 2005 210 2020 ἢ
296 1917 432 1988 eludere
464 1926 612 2002 tentant,
651 1939 756 2012 quum
781 1917 817 1986 in
842 1918 979 1988 Prussia
1004 1927 1037 1988 et
1059 1921 1196 1996 Austria
1220 1926 1275 1996 in·-

295 2030 452 2112 terdum‚
485 2031 520 2101 in
553 2030 696 2101 Bavaria
730 2053 863 2122 semper
886 2031 1057 2122 instigatio
1082 2033 1171 2109 intra
1194 2061 1274 2107 mu-

293 2163 353 2211 ros
387 2142 530 2210 carceris
567 2142 760 2226 adhibetur,
795 2165 872 2212 nam
898 2166 967 2212 non
993 2144 1103 2214 solum
1129 2147 1274 2219 deterri·-

294 2251 422 2323 tionem
456 2253 637 2325 salutarem
667 2264 702 2324 et
725 2255 870 2324 validam
894 2255 929 2324 in
955 2279 1072 2328 sensus
1098 2259 1273 2334 hominum

292 2366 470 2437 rudiorum
504 2368 728 2460 spectantium
753 2369 872 2450 efficit,
907 2370 966 2438 sed
991 2381 1169 2460 praeterea
1194 2396 1273 2445 om-

296 2501 357 2548 nes
392 2479 626 2549 exsecutiones
652 2479 802 2569 privatae
827 2479 1070 2571 improbandae
1096 2496 1192 2569 sunt,
1227 2486 1272 2556 ob

297 2591 446 2661 rationcs
472 2613 576 2682 supra
602 2611 679 2682 pag.
706 2591 755 2659 26
782 2590 910 2664 allatas.

300 2749 304 2760 ,
347 2703 463 2785 Quum
495 2702 582 2773 banc
614 2727 761 2796 poenam
791 2707 898 2799 magis
929 2731 949 2777 e
974 2719 1159 2802 conspectu
1183 2712 1271 2805 phy-

295 2817 366 2886 sico
398 2817 683 2907 contemplamur,
708 2826 782 2884 tum
807 2818 959 2888 videmus
987 2845 1061 2892 eam
1086 2825 1273 2894 maleficum

294 2927 443 3020 graviter
485 2937 518 2994 et
550 2926 692 2992 moleste
726 2927 878 3009 afficere,
926 2931 997 2998 sine
1036 2932 1106 3000 ullo
1139 2935 1273 3005 incom-

293 3037 398 3108 modo
433 3036 621 3128 corporali,
660 3035 688 3104 si
722 3059 844 3128 nempe
877 3038 1002 3108 idoneo
1028 3043 1132 3112 modo
1159 3045 1269 3136 appli-

295 3159 414 3228 catur;
455 3147 542 3219 hane
583 3147 628 3218 ob
666 3171 739 3218 rem
777 3171 909 3241 semper
948 3173 969 3220 a
1004 3153 1137 3224 medico
1175 3156 1270 3248 prius

293 3262 535 3334 examinandus
579 3271 668 3331 esset
710 3262 970 3344 condemnatus,
1013 3275 1047 3335 et
1084 3269 1269 3341 seeundum

294 3376 569 3446 constitutionem
599 3383 633 3444 ot
656 3374 807 3444 habitum
834 3377 1007 3468 corporis,
1041 3382 1208 3452 maximus
1236 3393 1269 3454 et

291 3487 448 3558 minimus
491 3509 650 3556 numerus
692 3486 820 3556 ictuum
865 3489 1158 3576 determinandus3
1210 3507 1268 3569 aut

295 3598 468 3670 exsecutio
501 3597 600 3688 hujus
634 3620 765 3688 poenae
798 3599 1007 3690 prohibenda
1040 3616 1128 3678 essct
1160 3610 1189 3678 si
1213 3633 1269 3680 se-

294 3711 365 3782 rius
397 3708 613 3778 incommoda
642 3711 831 3800 producere
856 3725 991 3804 posset3
1023 3739 1056 3788 v.
1083 3743 1111 3790 c.
1136 3721 1269 3794 habitus

297 3821 461 3922 debilior
489 3819 666 3913 corporis,
725 3825 985 3918 praedispositio
1041 3832 1084 3900 ad
1128 3835 1268 3903 morbos

294 3935 441 4032 pectoris
460 3943 518 4006 aut
540 3935 582 4004 ad
594 3934 834 4027 haemoptisin‚
861 3947 895 4006 et
908 3939 1058 4034 aliosque
1070 3945 1267 4032 nonnullos,

299 4051 385 4120 sicut
421 4047 650 4140 Epiiepsiam,
689 4058 775 4130 cet.;
810 4073 830 4120 a
863 4051 994 4122 medico
1020 4076 1089 4122 non
1115 4057 1269 4150 ajudice

295 4165 378 4236 haec
421 4160 631 4256 dijudicanda
665 4171 751 4233 sunt.
814 4163 983 4235 Lubenter
1016 4169 1179 4240 confiteor
1211 4195 1265 4244 me

1444 886 1448 906 .

1444 911 1448 1150 t

1444 1473 1448 1718 i

1444 2013 1448 2032 a

1444 2293 1448 2314 ff

1337 3002 1345 3015 “
