2926 5034
651 487 697 556 tt

187 687 251 735 usu
293 665 456 736 videmus.
523 669 589 737 Sed
627 689 739 759 neque
781 667 864 736 baeu
903 669 1154 740 ineiioaoitatam

187 779 410 849 deterritionis
445 779 592 872 probare
621 788 745 870 potest.
796 782 834 848 ln
858 781 1038 873 Hispania,
1077 782 1153 874 jus-

186 890 259 961 titie
284 891 425 962 erimina
449 892 595 962 heretica
621 902 654 960 et
679 892 816 983 politica
838 893 1072 963 tantummodo
1099 915 1154 962 se-

186 1004 310 1074 veriter
334 1005 558 1099 persequitur.
620 1005 659 1073 in
685 1004 847 1087 Corsica,
868 1005 1033 1098 justitiam
1056 1005 1155 1074 nimis

187 1117 299 1188 laxam
332 1119 366 1187 in
401 1115 656 1186 executionibus
682 1139 814 1208 poenae
838 1117 957 1186 mortis
985 1116 1156 1196 videmus,

182 1231 352 1323 jndicibus
377 1231 459 1322 ipsis
485 1232 663 1298 oeudettam
680 1229 884 1298 timentibus.
936 1228 1034 1298 Nune
1050 1249 1156 1320 quae-

188 1355 267 1413 runt
300 1367 381 1412 num
414 1365 525 1434 poena
549 1341 668 1408 mortis
694 1361 845 1432 unquam
870 1361 1075 1432 quemquam
1100 1363 1156 1408 re-

186 1456 360 1535 tinuisset,
389 1477 409 1523 a
433 1450 637 1543 parricidio,
662 1451 866 1522 infanticidio
893 1460 951 1522 aut
976 1450 1048 1522 aliis
1075 1475 1155 1522 oae-

188 1565 296 1636 dibus.
346 1565 482 1634 Priores
517 1565 599 1634 duas
632 1583 703 1632 non
727 1575 766 1634 ut
790 1565 941 1657 regulam
966 1563 1157 1656 generalem

186 1678 337 1770 accipere
373 1699 575 1770 possumus,
614 1685 649 1745 et
680 1678 773 1768 quod
798 1678 841 1747 ad
866 1678 984 1748 caedes
1010 1677 1155 1770 reliquas

185 1790 320 1871 attinet,
345 1790 392 1860 ita
417 1811 491 1859 esse
517 1789 604 1858 dieo.
656 1788 768 1869 Quam
792 1811 933 1879 mugnus
960 1797 1011 1872 est
1035 1811 1156 1858 nume-

185 1923 243 1970 rus
267 1903 464 1983 bominum,
496 1902 555 1994 qui
580 1899 769 1992 perditione
795 1901 904 1968 omnis
930 1923 1048 1970 sensus
1074 1923 1153 1970 mo-

185 2014 262 2084 ralis
290 2025 324 2084 et
348 2013 562 2084 humanitatis
589 2036 631 2083 eo
656 2012 888 2105 pervenerint,
922 2020 961 2082 ut
984 2012 1155 2082 nullomo-

185 2126 229 2195 do
256 2127 392 2196 retineri
416 2127 588 2216 potuerint
611 2124 677 2194 nisi
702 2124 865 2215 egoistieo
883 2147 984 2194 sensu
1002 2125 1054 2196 sui
1071 2145 1156 2194 oon-

186 2237 360 2317 servandi,
395 2237 453 2328 qui
479 2236 571 2304 solus
597 2236 757 2303 remansit
781 2245 814 2303 et
840 2258 973 2326 semper
997 2261 1154 2310 remune-

183 2349 242 2417 bit.
293 2347 401 2418 Nemo
419 2348 572 2440 profecto
589 2367 714 2437 negare
731 2355 866 2437 potest,
892 2347 970 2416 talia
998 2359 1152 2418 monstra

185 2469 317 2530 exstare
344 2483 431 2552 quae
456 2459 603 2530 aceede
628 2458 809 2550 nequidem
836 2457 1058 2540 abhorreant,
1094 2461 1154 2530 sed

183 2571 284 2642 etiam
309 2572 519 2642 existentiam
544 2572 726 2642 humanam
741 2594 817 2640 oum
833 2571 1054 2642 indifferentia
1073 2573 1151 2642 des-

184 2693 352 2763 truerent,
385 2682 489 2750 modu
514 2682 651 2772 impune
675 2682 711 2749 id
737 2684 846 2751 faeere
874 2693 1024 2772 possent.

235 2795 325 2878 Quid
359 2793 461 2887 igitur
494 2792 616 2861 retinet
642 2801 676 2862 et
699 2794 807 2862 frenat
832 2794 944 2864 tales?
995 2795 1153 2864 Uitimum

184 2908 394 3002 supplicium.
446 2905 630 2988 Quomodo
656 2915 768 2976 tamen
796 2907 1006 2978 adducuntur
1030 2916 1068 2976 ut
1085 2907 1153 2976 ori-

183 3045 260 3092 men
281 3021 363 3092 illud
378 3019 583 3089 horrendum
601 3020 835 3090 committant?
889 3022 956 3112 Spe
972 3020 1154 3112 impunita-

182 3136 235 3204 tis
298 3131 337 3201 ln
369 3131 432 3201 hae
465 3155 525 3222 spe
555 3131 626 3224 jam
658 3131 746 3200 inest
779 3141 890 3202 terror
915 3141 948 3200 et
973 3133 1151 3204 efficacitas

182 3247 281 3339 hujus
306 3265 437 3335 poenae
461 3244 566 3312 hoece
592 3251 766 3333 respectu,
800 3253 891 3312 certe
916 3245 1015 3334 penei
1039 3245 1152 3316 homi-

183 3357 276 3426 oidue
299 3354 544 3434 invenirentur,
572 3354 601 3423 si
629 3371 741 3446 poena
764 3355 883 3425 mortis
901 3356 1152 3428 certissimein-

183 3477 297 3537 staret.

230 3581 266 3650 Si
299 3600 445 3672 poenam
478 3580 596 3648 mortis
632 3578 765 3670 saepius
790 3579 994 3650 ineffieaoem
1020 3580 1063 3652 sd
1088 3581 1150 3652 de-

179 3693 353 3763 terrendos
391 3689 561 3760 maleficos
599 3692 807 3775 invenimus,
846 3693 912 3764 buo
945 3694 1053 3786 magis
1087 3697 1150 3767 ad-

178 3805 392 3877 scribendum
418 3813 489 3885 est,
524 3804 618 3896 quod
642 3803 741 3874 nimis
766 3828 845 3876 raro
872 3814 905 3876 et
929 3807 1056 3878 inserte
1081 3810 1149 3880 cri-

180 3920 323 3990 minibus
349 3917 460 3988 eeedis
486 3917 690 4010 applicatur,
717 3925 750 3988 et
773 3919 942 3990 maleficus
967 3920 1065 3992 nimis
1088 3923 1150 3994 tri-

180 4031 285 4101 buere
326 4039 440 4122 potest
480 4019 636 4102 'fortunae
677 4030 844 4101 secundae
886 4041 919 4102 et
953 4033 1148 4126 benignitati

183 4144 310 4216 iudicis.
361 4146 440 4236 Non
474 4154 525 4214 est
558 4143 675 4213 vitium
707 4144 741 4212 in
776 4165 887 4234 poena
920 4147 1148 4220 condemnan-
