2926 5034
687 481 729 548 19

214 657 320 740 ducti,
355 659 521 751 refugium
552 672 719 755 quaerunt
742 663 777 732 in
801 662 991 756 labyrintho
1017 664 1181 734 damnoso

203 773 534 846 ¹circumstantiarum
567 775 819 848 attenuantium.
880 777 983 846 Recte
1015 777 1180 846 Monrns-

212 905 389 964 onrnnvrus
428 886 472 978 ad
507 885 636 966 huncce
665 887 800 959 locum:
863 939 885 978 ,,
910 887 1088 958 L‘atroeitd
1122 888 1180 956 cles

213 1051 236 1091 „
261 998 325 1068 lois
360 1022 402 1068 en
427 998 587 1090 empiehe
611 999 831 1078 l'exeoution3
864 999 1001 1092 lorsque
1026 999 1059 1068 la
1083 998 1181 1090 peine

214 1160 236 1199 „
263 1120 424 1198 est‘sans
457 1112 614 1192 mesme,
661 1135 706 1181 on
740 1121 791 1181 est
825 1120 970 1181 souvent
1002 1110 1180 1200 obtigere

213 1271 236 1310 ,,
260 1221 308 1292 lni
341 1223 490 1313 preferer
521 1223 733 1316 l’impunitd.”
765 1265 815 1277 -—
878 1222 1049 1294 Britannia
1082 1244 1183 1314 prae-

209 1329 283 1402 buit
303 1335 513 1424 exemplum
550 1333 850 1404 luculentissimum
884 1329 943 1428 (1).
1001 1333 1130 1402 Etiam*
1146 1334 1180 1403 in

212 1443 317 1512 Galba
340 1444 565 1514 institutiones
584 1447 656 1540 jam
673 1445 845 1514 obsoletae
864 1446 1068 1524 docuerunt,
1094 1466 1180 1536 poe-

209 1577 270 1626 nas
314 1557 412 1626 nimis
449 1578 571 1649 graves
610 1580 789 1628 nnmerum
825 1557 1000 1628 eriminum
1038 1579 1181 1648 augere;

210 1666 392 1759 impunitas
437 1681 663 1760 provocatur,
713 1671 875 1764 quoniam
906 1669 988 1742 laesi
1026 1679 1184 1746 verentur

207 1779 370 1872 justitiam
428 1782 527 1852 nimis
582 1783 750 1854 crudelem
806 1783 973 1852 invocare.
1077 1783 1182 1851 Antea
1274 1869 1277 1876 .

217 2011 475 2023 unu—m

246 2167 295 2244 (1)
323 2170 359 2226 In
386 2173 514 2226 universe
543 2171 598 2227 hoc
627 2175 728 2228 vitium
760 2175 818 2228 vim
843 2189 969 2228 exercere
998 2171 1124 2228 videmus
1150 2173 1181 2226 in

206 2261 338 2315 omnibns
379 2251 490 2335 legibus*
514 2261 680 2333 poenalibus
705 2260 878 2318 Britanniae.
929 2258 1093 2318 Secundum
1122 2272 1183 2318 sta·

209 2359 273 2406 tuta
292 2347 451 2406 (iuratam
472 2347 576 2422 ’11111ο
596 2346 632 2420 10
659 2360 688 2406 et
719 2347 775 2420 11,
803 2369 934 2406 necnon
954 2350 1077 2408 Gnoson
1099 2349 1182 2408 11ηο

208 2435 269 2510 24,
295 2442 402 2496 crimen
431 2442 549 2514 capitale
577 2442 739 2496 declaratur
765 2441 878 2496 lurtum
907 2438 943 2494 12
971 2441 1062 2496 schill.
1090 2444 1120 2495 in
1139 2451 1183 2497 ta-

208 2528 297 2584 berna
317 2533 513 2600 commissum,
540 2533 625 2585 unius
643 2531 732 2586 scbill.
758 2532 873 2603 quando
892 2531 1003 2585 lurtum
1022 2532 1182 2604 privatum,

207 2627 237 2672 et
265 2614 304 2673 40
322 2620 411 2674 schill.
430 2621 544 2692 quando
572 2621 603 2674 in
633 2621 717 2674 domo
743 2621 871 2676 habitato
890 2621 1069 2676 commissum
1087 2621 1181 2676 fuerit.

205 2704 300 2781 Supra
320 2711 439 2764 vidimus
458 2707 611 2764 Geonnrnu
634 2707 678 2765 lv
706 2712 813 2764 crimen
841 2711 960 2782 capitale
978 2713 1179 2768 tantummodo

203 2799 364 2868 admisisse,
382 2818 472 2871 quum
490 2801 602 2854 lurtum
623 2795 659 2852 15
677 2799 725 2854 liv.
745 2800 823 2856 sterl.
844 2807 1000 2872 superaret.
1039 2797 1175 2855 Universa

201 2886 257 2944 hoe
293 2890 393 2944 vitium
428 2891 580 2944 maximam
617 2891 847 2944 incertitudinem
887 2890 918 2944 in
956 2889 1053 2962 poenis
1085 2889 1177 2960 appli-

205 2979 301 3032 candis
337 2979 500 3052 produxisse
537 2980 671 3034 videmus.
730 2975 773 3034 Ex
811 2979 948 3034 relatione
988 2981 1040 3033 viri
1073 2979 1178 3052 praecl.

204 3063 408 3123 Anrncnoumn
428 3079 526 3142 patet,
544 3069 581 3124 ab
600 3087 676 3123 anno
698 3063 771 3123 1805
789 3088 878 3142 usque
898 3071 1061 3126 etiannum
1082 3064 1175 3137 1811,

205 3157 300 3211 locum
327 3157 456 3214 babuisse
487 3155 544 3214 598
572 3159 651 3214 furta
680 3160 715 3213 in
743 3161 859 3216 officinis
887 3160 1016 3234 publicis.
1064 3156 1175 3214 Horum

204 3249 403 3304 tantummodo
441 3245 496 3304 120
526 3248 791 3304 condemnabantur
819 3260 854 3304 ut
882 3252 1000 3306 crimina
1027 3250 1174 3322 capitalia,

204 3345 233 3390 et
251 3347 317 3408 post
345 3341 459 3390 nullum
477 3341 615 3392 exsecutio
633 3339 811 3410 sequebatur.
851 3338 1035 3394 Mnemoscn
1054 3349 1175 3394 annota-

204 3425 246 3478 vit
264 3425 300 3478 ab
320 3443 395 3480 anno
417 3421 491 3480 1814
508 3442 596 3500 usque
625 3429 662 3484 ad
683 3423 775 3494 1820,
803 3423 899 3482 85187
918 3429 1108 3482 accusationes
1126 3447 1174 3483 ca·

203 3514 305 3587 pitales
327 3515 464 3586 judicatas
490 3501 566 3585 edre,
593 3535 714 3590 quarum
743 3513 819 3572 7683
839 3519 1119 3586 condemnabantur,
1146 3527 1175 3573 et

204 3606 404 3660 tantummodo
429 3601 486 3661 693
505 3611 692 3664 exsecutiones
711 3607 805 3665 locum
824 3607 977 3666 habebant.
1015 3606 1061 3664 tn
1081 3608 1170 3664 altera

199 3703 281 3766 parte
317 3697 463 3754 interdum
501 3699 641 3754 severitati
678 3698 922 3758 inhumanissime
956 3700 1012 3756 boc
1047 3709 1168 3773 systema

197 3802 295 3840 ansam
314 3785 400 3841 dedit.
447 3783 531 3842 Anno
553 3783 626 3842 1837
655 3785 712 3860 (01.
734 3790 855 3846 diarium
879 3787 1004 3844 London
1031 3792 1167 3844 observet.

195 3892 285 3928 mens.
296 3873 421 3944 februar
439 3878 525 3944 hujus
542 3875 630 3949 anni)
649 3879 773 3952 quinque
792 3879 918 3936 homines
937 3897 1058 3954 poenam
1068 3880 1167 3934 mortis

193 3961 274 4018 luisse
301 3965 442 4034 videmus,
470 3983 592 4038 qnorum
621 3975 712 4022 aetate
742 3970 879 4024 maximus
906 3967 944 4025 25
963 3970 1063 4026 'annos
1082 3979 1166 4024 natus
1271 4027 1275 4033 ,

191 4062 270 4120 erat,
296 4053 381 4126 idque
407 4067 526 4131 propter
552 4059 664 4113 furtum
694 4059 770 4114 infra
798 4059 923 4118 valorem
945 4057 1161 4118 monasteri.

195 4141 253 4197 sine
272 4144 486 4206 circumstantiis
505 4147 558 4204 boc
578 4149 685 4204 crimen
705 4150 927 4222 aggravantibus.
