2926 5034
781 507 804 576 b

358 687 447 772 Quia
472 700 585 762 autem
611 713 664 760 res
691 691 820 762 invita
846 689 1016 760 communi
1043 687 1179 766 obvias,
1203 707 1282 756 raro

308 802 362 871 vel
407 825 590 894 numquam
633 803 668 872 in
711 803 879 873 abstracto
923 801 1068 872 existere
1109 799 1283 877 ridemus,

308 914 401 984 hicce
428 915 655 1008 conspiciendi
679 915 801 984 modus
828 914 961 1006 saepius
987 915 1023 984 in
1049 935 1200 983 errorem
1218 911 1283 979 du-

311 1036 365 1095 cat
389 1049 527 1096 necesse
554 1038 623 1110 est,
660 1028 752 1121 quod
778 1028 843 1098 nisi
867 1027 966 1097 fallor
984 1025 1191 1120 experientia
1208 1045 1285 1092 sae-

310 1162 353 1232 pe
392 1139 516 1209 docuit.

359 1252 522 1324 Diversae
556 1254 706 1324 theoriae
737 1254 947 1346 germanicae
980 1251 1186 1321 recentiores
1220 1267 1284 1340 pro

310 1375 406 1457 parte
456 1364 572 1436 huicce
615 1367 697 1436 vitio
739 1366 913 1448 laborant,
978 1367 1026 1458 Cf.
1068 1365 1122 1434 D'.
1169 1365 1282 1452 Hcpp,

171 1523 184 1548 l
310 1479 468 1548 Kritiscbc
493 1480 705 1568 Dorstettunq
724 1482 781 1547 der
799 1478 1173 1572 Strasrccbtstbeorieen,
1198 1475 1287 1542 nebat

311 1593 412 1659 ciuem
437 1591 576 1658 Versucb
593 1593 673 1660 tiber
691 1593 741 1661 die
757 1591 962 1682 mdpb'cbbcit
979 1591 1065 1659 einer
1083 1587 1285 1681 Strosrccbtl.

315 1704 446 1772 Tbeorie
496 1704 687 1794 uberhaupt.
750 1705 943 1792 Heidelbcrp
1002 1704 1096 1771 1849.
1157 1702 1284 1770 Omnes

311 1815 354 1888 ad
389 1836 530 1906 scopum
556 1815 692 1886 unicum
718 1816 960 1909 principalem,
996 1815 1030 1884 in
1056 1813 1175 1907 poenis
1201 1831 1287 1905 quas

309 1937 507 2021 proponunt
544 1929 703 2012 tendunt,
746 1939 779 1998 et
816 1928 913 2010 huie,
952 1938 1124 2019 tamquam
1162 1924 1286 1994 fianda-

310 2051 444 2122 ment0‚
482 2051 590 2111 totam
628 2042 794 2111 theoriam
831 2050 1068 2132 superstruunt
1105 2039 1140 2106 in
1179 2035 1287 2106 detri-

309 2163 460 2222 mentum
486 2153 629 2224 aliarum
652 2153 989 2246 consequentiarum,
1015 2151 1161 2244 quaein
1186 2147 1286 2241 praxi

309 2266 357 2336 ita
382 2289 459 2334 cum
485 2288 527 2334 eo
555 2267 752 2359 conjunctae
779 2276 875 2348 sunt,
900 2275 940 2334 ut
965 2265 1084 2334 evitari
1108 2285 1178 2332 non
1202 2282 1287 2353 pos·

310 2379 385 2448 sint.
435 2380 488 2449 An
513 2399 546 2447 v.
573 2402 601 2447 c.
628 2401 761 2471 semper
786 2379 970 2450 retributor
991 2377 1176 2469 juridicus,
1211 2372 1287 2466 (ju-

310 2491 454 2561 ridische
479 2489 874 2585 Vergeltungstheorist),
901 2491 935 2558 in
961 2489 1031 2559 vita
1056 2487 1206 2581 practica
1232 2494 1288 2555 ta-

309 2605 358 2672 les
392 2624 520 2694 poenas
554 2599 705 2694 infligere
739 2605 883 2698 poterit,
923 2625 1010 2694 qnae
1046 2624 1123 2670 eum
1156 2597 1284 2666 retine-

310 2716 395 2784 bunt
429 2740 449 2786 a
478 2713 649 2783 territorio
680 2715 779 2810 hujus
805 2716 957 2786 theoriae
985 2737 1071 2807 quae
1098 2708 1288 2781 deterrendi

310 2829 397 2898 ratio
432 2829 577 2908 directa,
617 2825 869 2920 (Unmittelbare
903 2824 1289 2916 Abschreldrungstheo-

311 2943 360 3011 rie
371 2941 392 3034 ‚)
438 2941 583 3009 dicitur?
641 2941 686 3008 Et
728 2948 838 3009 tamen
877 2941 961 3010 haec
996 2948 1177 3032 systemata
1211 2945 1286 3004 toto

313 3053 409 3123 coelo
435 3053 470 3121 in
496 3060 680 3144 conspectu
706 3052 892 3122 theoretico
919 3053 1086 3121 differunt.

361 3166 542 3236 Videamus
574 3165 713 3234 brevem
747 3166 1037 3237 adumbrationem
1060 3163 1184 3232 horum
1210 3181 1287 3254 sys-

312 3289 473 3350 tematum
498 3279 770 3371 praecipuorum.

361 3395 387 3462 l.
439 3394 595 3463 Tnnoam
631 3413 891 3462 nnraraurmms
925 3409 1085 3462 nonanis.
1136 3385 1288 3481 (Morali-

312 3505 390 3575 sche
432 3505 811 3600 Vergeltungstheorie).
868 3503 1042 3573 Strictiore
1075 3521 1177 3569 sensu
1212 3497 1287 3566 the-

314 3618 407 3688 oriae
440 3617 669 3686 retributionis
703 3619 784 3687 nihil
818 3617 907 3686 aliud
941 3622 1093 3707 spectant
1117 3613 1152 3681 in
1178 3632 1291 3702 poena

312 3729 516 3822 infligenda,
562 3729 627 3800 nisi
672 3730 948 3823 consequentiam
984 3723 1210 3797 necessariam
1247 3743 1291 3790 ex

310 3844 387 3937 jure
422 3852 550 3924 ortam,
586 3866 671 3934 quae
696 3853 776 3935 post
800 3845 925 3912 factum
949 3839 1101 3909 illicitum
1127 3834 1290 3928 sequitur.

317 3955 462 4028 Theoria
496 3943 725 4024 retributionis
751 3955 889 4023 moralis
916 3975 958 4022 eo
986 3951 1109 4031 tendit,
1142 3959 1181 4018 ut
1205 3970 1293 4040 poe·

314 4091 375 4138 nas
401 4068 458 4138 tali
483 4067 614 4138 ratione
640 4067 813 4148 adhibeat,
852 4076 890 4135 nt
915 4087 978 4158 pro
1004 4063 1188 4134 vitiositate
1213 4083 1290 4129 ma-

314 4183 390 4252 lifiri
424 4181 625 4272 indigentur.
675 4178 826 4248 Haecin
853 4178 949 4268 praxi
977 4180 1131 4268 profecto
1158 4173 1291 4243 difficil-
