2926 5034
775 495 821 562 28

356 675 406 744 La
435 672 695 744 condamnation
719 673 843 766 plonge
868 673 917 746 les
943 698 1009 748 uns
1033 677 1115 750 dans
1141 679 1281 752 l’anbat-

306 795 433 856 tement
466 785 548 857 dans
582 808 649 856 une
683 785 816 878 apathie
845 788 974 860 morale
999 788 1199 877 invincihle,
1231 795 1282 866 les

305 907 438 980 autres,
472 897 606 968 alleles
632 898 748 990 nigrit,
780 898 830 968 les
855 900 960 972 irrite.

355 1061 379 1103 ,‚
403 1013 626 1084 Resuse-t-on
660 1033 729 1082 aux
762 1012 966 1084 condemnes
997 1023 1073 1086 tout
1099 1018 1213 1112 espoir
1239 1017 1281 1088 de

305 1124 553 1215 „diminution
591 1145 638 1194 ou
676 1123 978 1198 d’adoucissement
1016 1128 1057 1198 de
1094 1130 1128 1200 la
1160 1131 1279 1222 peine,

304 1238 393 1328 „ils
426 1245 629 1328 repoussent
661 1258 744 1308 avec
778 1237 898 1310 dedain
930 1247 1026 1309 toute
1052 1241 1211 1312 tentative
1237 1241 1280 1312 de

304 1400 327 1441 „
352 1351 517 1432 reformo,
560 1358 695 1420 surtont
737 1351 802 1420 s'ils
839 1359 917 1420 sont
950 1351 1154 1424 condemnes
1188 1377 1280 1446 pour

303 1487 399 1554 „nn
432 1463 539 1555 grand
572 1463 715 1532 nombre
749 1464 915 1534 d'annees.
971 1465 1062 1536 Lenr
1096 1466 1281 1538 offre-t·on

303 1627 326 1667 „
350 1575 384 1646 la
408 1574 619 1667 perspective
645 1574 686 1642 de
712 1574 788 1642 voir
812 1573 887 1644 leur
911 1575 1011 1666 peine
1036 1576 1199 1670 abregde,
1236 1603 1282 1650 on

303 1737 326 1778 ‚,
352 1710 395 1757 en
419 1686 479 1756 seit
504 1686 563 1756 des
588 1685 800 1779 hypocrites;
826 1707 872 1754 on
897 1685 971 1758 leur
996 1687 1108 1760 donne
1133 1714 1181 1761 un
1206 1693 1280 1764 vice

302 1851 326 1891 „
352 1798 394 1870 de
418 1798 525 1891 plus.''

351 1914 444 1984 Haec
477 1919 674 2005 argumenta
707 1931 911 2004 quamquam
944 1935 1046 2006 saepe
1077 1937 1158 1988 vera
1183 1925 1278 1998 sunt,

300 2048 371 2096 non
407 2026 443 2096 id
475 2035 589 2096 tamen
613 2034 784 2118 tamquam
808 2024 1011 2118 principium
1035 2028 1191 2120 generale
1216 2030 1279 2101 ad-

299 2141 432 2210 mittere
458 2158 652 2231 possumus,

349 2254 443 2322 Haec
476 2259 576 2322 erunt
607 2249 672 2320 nisi
704 2249 802 2320 fallor
834 2250 997 2345 requisita
1021 2273 1153 2344 poenae
1178 2262 1277 2346 aptae

300 2374 334 2435 et
370 2363 562 2446 rationalis,
599 2363 773 2434 videamus
806 2385 896 2432 nunc
928 2362 1076 2433 breviter
1110 2387 1277 2456 quaenam

300 2478 367 2548 sint
398 2477 579 2570 requisita,
613 2485 652 2543 nt
684 2474 793 2543 molae
826 2473 975 2544 actiones
1010 2483 1181 2569 tamquam
1209 2479 1276 2548 cri-

297 2592 389 2662 mina
413 2588 565 2660 malefico
591 2585 658 2654 sint
681 2586 878 2677 imputanda
902 2595 935 2655 et
959 2586 1140 2678 punienda.

347 2705 433 2774 Sunt
458 2709 571 2772 autem
596 2699 792 2794 sequentia:

345 2819 373 2887 l.
423 2817 622 2908 Delicquecs
654 2838 749 2884 sensu
783 2815 903 2884 morali
935 2829 964 2884 et
990 2815 1143 2905 plrprico,
1172 2817 1274 2906 pleno

296 2932 438 3000 libertale
463 2927 582 3018 apendi
607 2927 695 2993 dedet
718 2927 871 3014 paudere.

345 3043 381 3112 2.
432 3041 531 3110 Debet
568 3037 713 3105 cocceius
751 3059 814 3104 esse
852 3035 1008 3104 actionem
1032 3059 1127 3107 soom
1149 3062 1273 3130 poenae

297 3153 472 3224 oenotriam
497 3173 570 3221 esse.

350 3267 386 3337 5.
437 3266 527 3336 Actio
553 3264 683 3344 illicito,
709 3289 730 3334 a
756 3264 955 3355 delinquente
972 3260 1040 3350 ipm
1059 3275 1116 3331 oct
1132 3262 1270 3352 instipa-

297 3383 381 3452 tiooe
406 3379 492 3474 ejus,
512 3403 577 3471 pro
597 3390 693 3470 parte
719 3391 776 3447 oct
800 3390 866 3446 toto
891 3361 999 3442 debuit
1017 3377 1141 3470 perfici.

347 3498 381 3564 6.
430 3494 629 3585 Delinquens
661 3513 756 3560 sereser
793 3493 913 3562 morali
936 3507 965 3564 et
987 3491 1140 3584 physico,
1171 3490 1270 3581 pleno

295 3611 446 3679 libertate.
463 3605 583 3694 opeodi
607 3603 696 3670 debet
718 3603 872 3691 pondere,

344 3718 474 3798 Credo,
506 3713 673 3783 neminem
704 3711 806 3784 dubia
831 3716 1009 3788 allaturum
1034 3735 1129 3795 esse,
1166 3713 1269 3782 liher-

293 3841 397 3903 tatem
421 3828 595 3924 physicam
618 3825 816 3920 requisitum
840 3829 1023 3922 principale
1049 3851 1134 3898 esse.

344 3941 448 4026 Quod
473 3941 515 4012 ad
539 3941 727 4011 libertatem
753 3940 916 4010 moralem
942 3942 1079 4024 attinet,
1114 3951 1183 4011 tres
1210 3963 1268 4012 ca-

293 4080 350 4130 sus
389 4079 450 4128 seu
487 4077 608 4126 causae
642 4051 781 4124 actionis
817 4054 1035 4124 enumerandi
1069 4063 1170 4136 sunt,
1209 4054 1267 4149 qui

290 4172 426 4244 minime
451 4167 640 4263 negligendi
665 4164 801 4238 suntin
828 4165 1026 4258 applicanda
1051 4189 1171 4260 poena.
