2926 5034
690 472 731 538 bl

226 651 432 722 ostendunt?
490 653 663 725 uaccam
700 651 787 722 inter
821 653 904 724 alios
940 649 1041 730 dicit,
1084 646 1196 740 opini-

226 787 327 834 onem
357 762 548 856 generalem
574 764 615 834 dc
641 764 703 836 bac
728 789 839 858 poena
865 764 945 836 satis
970 772 1109 855 patere,
1153 782 1196 828 ex

226 887 399 946 contemtu
424 877 598 948 carnificis.
651 878 736 961 Quis
762 888 874 950 autem
892 877 1079 946 carnificem
1098 894 1196 964 sper-

224 992 273 1060 nit
299 989 375 1086 (1)‘l
408 991 544 1062 Minime
569 993 722 1083 profecto
747 991 901 1062 homines
927 989 1106 1060 rationales
1124 985 1196 1054 cul-

225 1105 417 1196 tioresque,
466 1105 700 1175 tantummodo
740 1087 893 1174 homines
939 1101 1094 1172 rudiores
1141 1097 1196 1194 in-

222 1217 366 1286 consulti
423 1216 489 1286 hoc
530 1217 738 1309 praejudicio
780 1216 962 1296 laborant,
1014 1213 1074 1284 sed
1113 1232 1194 1278 num

221 1327 304 1400 haec
343 1338 394 1398 est
427 1328 544 1420 opinio
578 1328 741 1421 publica?
792 1328 912 1398 Nonne
946 1326 1067 1396 eodem
1092 1321 1195 1392 modo

259 1633 307 1709 (i)
338 1632 401 1689 Hoc
431 1636 494 1691 loco
513 1640 615 1711 gratias
635 1654 686 1711 ago
707 1655 792 1710 quam
820 1637 972 1702 maximas,
1000 1633 1064 1687 viris
1083 1633 1196 1686 severis-

223 1727 297 1780 simis
316 1723 350 1780 ll.
370 1724 479 1784 Jtttsttt
509 1737 538 1782 et
556 1725 587 1787 J.
608 1725 718 1786 Jtttsstt
741 1725 918 1782 carnificibus
946 1723 1198 1780 Amstelodamensi

223 1827 252 1870 et
283 1815 486 1886 immanenti,
525 1837 579 1891 pro
607 1817 845 1872 illncidationibns
872 1817 1002 1890 practicis
1032 1833 1101 1886 quas
1128 1812 1198 1867 mibi

221 1910 432 1980 praestiterunt.
473 1904 532 1962 Nec
560 1909 735 1982 instigatione
763 1905 927 1962 Baccanrnn
956 1915 1007 1960 ant
1037 1903 1200 1970 Duronia,

218 2015 272 2051 nec
298 1999 469 2072 argumentis
496 1997 633 2054 historicis
662 1999 763 2053 adduci
793 2016 926 2072 possum,
954 2005 988 2049 ut
1016 1996 1138 2064 adjutori
1165 2013 1197 2048 a·

219 2090 364 2142 manuensi
384 2089 505 2159 justitiae
524 2091 663 2143 minorem
683 2089 914 2142 existimationem
933 2087 1097 2141 tribuerem.
1146 2079 1196 2138 Ni-

220 2175 262 2230 hil
281 2177 357 2232 aliud
377 2177 501 2231 carnifex
520 2178 649 2250 perficit,
686 2179 738 2231 nisi
757 2180 834 2250 quod
852 2197 923 2251 opus
942 2177 1071 2233 nondum
1089 2175 1198 2248 perfec.

222 2273 285 2319 tum
314 2265 412 2336 judicis
441 2267 590 2340 persolvat.
630 2266 722 2320 Antea
741 2269 771 2321 in
791 2266 939 2322 Germania
957 2268 1054 2322 nullus
1072 2266 1197 2321 carnifex

221 2373 255 2410 ex
285 2353 375 2410 officio
402 2365 431 2410 et
457 2375 561 2412 munus
585 2356 810 2412 honestissimum
829 2357 998 2412 habebatur.
1036 2354 1135 2410 Multis
1155 2355 1197 2408 lo-

224 2447 280 2512 eis,
307 2446 396 2500 socius
415 2447 510 2518 junior
528 2448 634 2502 consilii
653 2449 850 2522 municipalis,
880 2446 943 2520 (het
961 2449 1068 2521 jcngste
1088 2448 1127 2501 lid
1146 2447 1197 2500 der

223 2532 371 2606 Stedelijlre
392 2537 425 2590 cf
441 2536 694 2611 Gemeenteraad)‚
724 2537 860 2594 carnificis
879 2557 996 2592 munere
1016 2537 1198 2612 fungebatur.

221 2623 257 2680 In
276 2623 465 2699 Reuthlingen
483 2630 513 2682 in
533 2625 644 2683 Zwabia
663 2639 779 2682 senator
797 2647 894 2682 recens
915 2629 1038 2695 electus,
1068 2623 1195 2681 etStedii

218 2716 290 2770 urbe
313 2711 522 2788 Thuringiana‚
551 2719 716 2772 novissimus
746 2719 839 2772 incola
868 2717 962 2789 oppidi
982 2717 1105 2770 carnifex
1126 2726 1195 2771 erat.

217 2804 280 2862 Imc
309 2807 467 2878 junioribus
496 2808 614 2862 scabinis
639 2809 672 2864 id
691 2827 796 2864 munus
815 2827 833 2864 a
852 2804 999 2880 Trigraviis
1018 2807 1195 2880 delegatum,

220 2907 288 2952 teste
307 2895 407 2954 Asana
427 2893 530 2952 Srnvro
549 2895 631 2954 ffist.
650 2896 761 2970 Europ.
784 2895 855 2969 Gap.
875 2895 987 2952 XXIX.
1034 2894 1070 2952 In
1089 2893 1196 2952 Abatia

219 2989 293 3051 idem
322 2989 486 3056 obtinebat,
524 2989 560 3043 cf.
579 2985 697 3045 Elsass.
731 2986 870 3057 chronic,
897 2993 977 3060 apud
1004 2983 1194 3043 Scuutrnxuu

217 3099 246 3148 ρ.
267 3075 333 3134 700.
373 3076 464 3132 Etiam
496 3077 619 3133 fratrum
649 3079 787 3134 laicorum
823 3077 1005 3136 Eboraccnsis
1034 3077 1197 3135 monasterii

219 3169 364 3241 singularis
399 3169 428 3222 in
463 3169 642 3241 exsequendis
677 3171 772 3241 poenis
808 3171 974 3243 capitalibus
1003 3171 1103 3242 peritia
1133 3168 1221 3222 lam.

220 3258 307 3312 datur
325 3258 362 3312 ab
382 3255 537 3326 Heinsio,
562 3256 645 3314 Acta
664 3254 789 3314 Linaao.
807 3281 837 3330 p.
856 3255 923 3316 850.
963 3257 1049 3332 Apud
1069 3255 1192 3312 Saxones

218 3357 364 3404 exsecutor
388 3349 544 3404 vocabatur
554 3344 776 3418 sacha-Bothe,
804 3350 883 3420 eujus
905 3369 1009 3404 munus
1027 3348 1193 3404 honorabile

218 3439 318 3506 fuisse,
346 3437 478 3492 observat
499 3436 672 3496 flamnccsus
692 3434 762 3494 Jur.
784 3434 878 3494 Germ.
908 3437 942 3494 L.
963 3435 1018 3493 Ill.
1049 3433 1192 3514 §XLIX

218 3525 293 3584 Alibi
323 3529 492 3602 supplicium
521 3531 619 3584 sumsit
646 3530 731 3584 modo
761 3541 911 3585 accusator
938 3529 1022 3584 modo
1050 3529 1195 3602 proximus

220 3629 347 3693 agnatus.
386 3616 471 3692 Apud
500 3617 661 3688 Hebraeos,
690 3619 842 3693 propinqui
871 3621 1000 3675 occisoris
1024 3620 1192 3674 sententiam

217 3707 317 3778 judicis
345 3709 553 3764 exsecutabant.
593 3707 686 3766 Etiam
713 3711 854 3784 principes
878 3713 954 3766 inter
982 3710 1125 3766 carnifices
1142 3710 1192 3764 ad-

216 3817 418 3866 numeremus;
449 3797 613 3868 flexamus,
643 3801 700 3856 dux
730 3799 973 3874 Megapolitanus‚
1010 3802 1094 3874 hujus
1121 3803 1190 3856 artis

216 3891 397 3960 peritissimus
408 3890 575 3946 celebratur.
616 3889 658 3945 Cf.
671 3889 789 3946 Lumttz
801 3931 809 3960 ‚
820 3887 930 3946 Iferum
939 3889 1071 3948 Brunsw.
1082 3903 1151 3947 tom.
1165 3889 1190 3947 l.

216 3976 345 4035 Carnifex
373 3977 515 4036 Lunovtct
542 3977 586 4035 XI
614 3983 673 4052 ejus
698 3983 803 4036 amicus
820 3983 935 4037 intimus
954 3995 1024 4040 erat.
1063 3981 1099 4040 In
1119 3981 1191 4040 Ver·

218 4072 324 4139 milles,
343 4087 418 4126 anno
450 4067 523 4127 18t0
552 4090 657 4126 munus
676 4071 812 4126 camilicis
834 4067 887 4127 187
907 4075 1050 4146 petebant.
1090 4071 1191 4129 Nonne

221 4161 342 4216 carnifex
363 4164 600 4236 complementum
618 4163 882 4234 judicis·criminalis
894 4163 907 4218 i'
