2922 5024
650 526 717 592 117

196 707 269 776 lllns
296 727 456 776 nnrsons:
491 730 524 798 p.
552 707 634 776 326.
687 757 709 796 ‚‚
735 709 784 775 La
810 705 954 776 solitudo
988 718 1069 798 peut
1096 712 1166 778 tetre

195 869 217 907 „
242 819 354 888 bonne
402 819 422 888 a
464 818 720 888 l’amendement
765 819 805 887 de
848 819 1009 911 quelques
1053 825 1165 902 ames,

192 983 215 1021 „
241 932 324 1002 mais
354 932 390 1024 je
416 932 504 1001 ereis
531 933 630 1024 qu’en
655 932 791 1023 general
818 931 880 1000 elle
905 931 979 1000 l'est
1003 934 1078 1024 plus
1106 957 1167 1002 en-

194 1095 217 1133 „
243 1065 342 1126 core,
386 1045 413 1113 si
447 1067 492 1112 on
525 1067 568 1113 ne
600 1045 634 1115 la
666 1067 792 1134 pousse
827 1043 847 1112 a
879 1043 1095 1124 Postremae,
1139 1045 1167 1114 si

197 1205 219 1245 ‚,
245 1179 289 1226 on
331 1181 374 1226 ne
416 1157 521 1226 l'isole
560 1157 818 1248 eompletement
851 1155 892 1226 de
925 1165 1002 1226 tout
1035 1167 1169 1227 oontaet

195 1321 217 1360 „
245 1293 327 1338 aveo
352 1271 386 1339 la
410 1270 546 1338 soeidte.

245 1381 399 1449 Solitudo
435 1381 589 1452 absoluta
612 1380 746 1471 longior
771 1381 843 1450 sine
867 1379 984 1448 labore
1012 1402 1053 1447 eo
1080 1379 1166 1450 vitio

180 1492 349 1571 laborat,
405 1492 497 1584 quod
538 1516 603 1584 pro
649 1493 878 1584 magnitudine
912 1513 1042 1582 poenae
1079 1514 1167 1583 quae

194 1601 393 1695 gravissima
439 1613 490 1674 est
535 1605 692 1696 patienti,
743 1615 855 1674 tamen
893 1603 1046 1673 homines
1081 1603 1166 1673 alios

192 1718 386 1787 inemtiores
419 1741 440 1787 a
471 1717 577 1808 priori
610 1742 679 1788 non
714 1716 877 1796 deterret,
920 1738 1003 1807 ergo
1029 1725 1166 1785 contra-

191 1831 279 1900 rium
314 1831 468 1900 ellectum
501 1830 600 1900 habet
634 1831 725 1923 ejus,
759 1830 852 1923 quod
882 1831 1050 1899 Bnnrnam
1076 1829 1165 1898 desi-

191 1943 285 2014 derat
320 1945 355 2013 in
389 1966 523 2036 poena:
576 1994 598 2032 „
625 1943 756 2024 Qu'une
791 1942 888 2032 peine
913 1940 1013 2008 reelle
1039 1940 1097 2032 qui
1122 1964 1164 2008 ne

158 2096 160 2100 ·
189 2107 211 2147 „
241 2057 343 2126 serait
374 2079 436 2147 pas
471 2065 677 2147 apparente,
725 2055 826 2124 serait
858 2051 985 2144 perdne
1019 2073 1109 2142 pour
1132 2052 1164 2120 le

191 2222 214 2260 „
241 2167 373 2258 publio,
421 2178 454 2235 et
488 2191 554 2257 que
587 2169 618 2236 le
649 2167 756 2259 grand
780 2175 832 2236 art
858 2175 909 2234 est
937 2165 1165 2256 d’augmenter

192 2329 215 2370 7,
241 2279 275 2348 la
309 2278 408 2370 peine
442 2288 650 2370 apparente,
686 2300 762 2347 sans
789 2287 985 2369 augmentet
1009 2278 1042 2347 la
1066 2279 1164 2369 peine

191 2441 213 2480 „
239 2391 369 2460 reelle.”

234 2505 330 2575 Hane
364 2503 408 2572 ob
442 2503 607 2574 rationem
645 2513 792 2597 systema
826 2523 983 2572 severum
1008 2502 1159 2570 Pensm-

171 2605 335 2688 ¹vnmcnm
369 2617 603 2684 tantummodo
638 2619 826 2706 perbreve
851 2626 984 2706 tempus
1009 2613 1160 2705 proban-

188 2730 291 2808 dum,
317 2727 514 2818 praesertim
539 2737 578 2795 ut
603 2727 676 2795 finis
698 2728 741 2796 ad
766 2726 1035 2818 praeparandum
1054 2727 1160 2795 male-

188 2842 288 2910 lieum
331 2839 588 2908 condemnatum
634 2839 676 2908 ad
709 2840 899 2931 longiorem
934 2839 1160 2908 detentionem

190 2954 267 3047 (vid.
296 2950 402 3046 inira).
438 2953 537 3022 Certe
558 2951 756 3046 plerumque
778 2951 985 3022 influentiam
999 2951 1162 3022 moralem

188 3076 221 3135 et
255 3065 434 3135 salutarem
467 3064 602 3134 habebit
627 3065 655 3132 si
680 3064 804 3134 idoneo
830 3065 934 3134 modo
960 3065 1159 3144 adhibetur,

185 3177 383 3270 praesertim
404 3178 438 3246 in
464 3177 572 3247 stadio
591 3177 683 3269 quod
701 3178 838 3246 Sannnn
854 3180 1030 3246 sesualdum
1048 3188 1158 3248 vocat.

188 3294 234 3382 Cf.
268 3291 472 3366 Jolubuelur
506 3293 563 3358 der
596 3289 894 3380 pesuupuislcunde,
934 3289 959 3356 5
994 3291 1105 3366 baud,
1143 3291 1160 3356 d

187 3405 271 3495 lust,
305 3403 407 3470 tute.
462 3404 560 3470 Ueber
585 3403 750 3491 lsoliruup
776 3403 834 3469 der
857 3401 1158 3491 Strofpesuupeueu.

234 3513 363 3582 Deinde
389 3514 542 3606 Systema
566 3513 843 3606 Pensylvanioum
870 3534 1024 3581 severum
1050 3511 1159 3580 adhue

188 3625 412 3696 adhibendum
438 3637 488 3694 est
514 3626 556 3694 ad
580 3625 768 3716 puniendos
794 3626 1038 3706 intemeratos,
1065 3624 1159 3718 quod
1241 3635 1242 3638 ’

181 3739 254 3832 jam
286 3738 321 3806 in
354 3760 419 3806 usn
453 3761 527 3807 esse
560 3739 712 3807 videmus
743 3739 776 3806 in
804 3738 942 3808 diversis
970 3737 1157 3808 civitatibus

184 3851 358 3922 Ameriuae
381 3849 668 3942 septentrionalis,
695 3872 799 3942 quum
817 3858 850 3917 et
867 3859 1038 3942 tamquam
1052 3875 1159 3942 poeno

183 3963 321 4056 insuper
346 3964 577 4055 gradationem
604 3962 770 4041 admittet;
804 3984 836 4028 v.
856 3987 884 4030 o.
911 3963 1064 4032 lSeelus.
1095 3988 1156 4032 seu.

182 4079 275 4146 Peus.
294 4101 366 4146 eum
388 4101 491 4168 opere.
526 4080 549 4144 ‘2
569 4077 644 4146 Siue
663 4079 732 4144 ulla
747 4075 967 4165 occupatione.
995 4077 1016 4144 3
1034 4076 1157 4144 Gelluln

184 4192 330 4260 obscuro.
382 4191 496 4273 Quum
510 4211 640 4280 poenae
653 4188 686 4256 in
701 4210 834 4256 earcere
852 4186 1038 4278 indigatae,
1065 4209 1155 4254 sem-
