2926 5034
785 501 828 568 ld

367 682 525 762 prussia,
556 681 614 752 ubl
640 683 805 775 disruptio
830 683 1061 754 membrorum
1086 705 1189 775 super
1212 692 1319 768 rota,

317 798 426 870 adhuc
459 796 567 888 viget,
605 795 663 864 ubi
695 819 804 887 nuper
836 795 1017 888 regicidam
1052 795 1180 866 Taesch
1212 793 1290 866 huic

316 935 448 1006 poenae
481 909 632 980 videmus
667 909 945 991 condemnatum,
982 909 1041 979 ubi
1065 907 1289 980 incendiarius

267 1039 271 1048 ’
317 1028 351 1097 in
370 1023 571 1118 quibusdam
588 1021 719 1092 casibus
737 1021 814 1114 igne
831 1022 928 1094 vivus
946 1032 1133 1104 crematur,
1150 1021 1208 1092 uhi
1222 1020 1289 1090 cri-

317 1163 395 1211 men
420 1135 621 1232 proditionis
647 1135 775 1227 patriae
800 1134 901 1206 etiam
925 1135 1050 1206 liberos
1069 1133 1290 1228 delinquentis

318 1262 432 1346 potest
448 1250 596 1342 alliigere
614 1247 752 1330 exsilio,
769 1270 840 1317 non
856 1248 977 1342 majori
993 1239 1092 1318 laude
1110 1248 1211 1340 digna
1228 1255 1290 1316 est.

369 1362 565 1443 Germania,
600 1360 659 1432 ubi
691 1360 725 1430 in
762 1361 957 1432 universum
991 1360 1100 1432 adhuc
1125 1361 1175 1430 vis
1202 1381 1289 1429 con-

319 1479 533 1551 stitutionum
566 1473 787 1542 criminalium
812 1474 1064 1544 Carolinianum
1088 1473 1123 1543 in
1149 1471 1290 1543 diversis

317 1592 448 1685 legibus
473 1585 671 1680 poenalibus
697 1585 916 1665 observatm,
940 1585 975 1655 in
999 1587 1099 1678 praxi
1122 1586 1293 1679 fastigium

317 1705 454 1778 minime
479 1697 629 1790 attingit,
656 1719 863 1790 quamquam
887 1709 978 1768 certe
1003 1699 1135 1770 theoria
1154 1698 1292 1792 reliquis

319 1816 501 1912 praevalet.

370 1928 473 2014 Quod
507 1924 550 1996 ad
573 1945 702 1992 novum
728 1921 846 1992 orbem
874 1924 1010 2007 attinet,
1048 1925 1115 1996 hoc
1137 1933 1293 2018 respectu

321 2045 419 2140 quasi
450 2044 485 2114 in
518 2036 656 2110 infantia
689 2035 907 2126 legislationis
937 2039 1089 2130 poenalis
1117 2047 1293 2120 versatur,
1369 2073 1372 2078 -
1444 2021 1445 2090 i

318 2156 474 2229 America
516 2147 775 2242 Septentrionali
815 2170 880 2241 pro
922 2160 1042 2244 parte,
1094 2149 1293 2245 praesertim

318 2270 502 2342 Louisiana
527 2271 678 2355 excepta.
789 2320 792 2330 .

371 2383 461 2467 Quid
495 2378 648 2470 Belgium
683 2376 954 2467 Septentrionale
979 2377 1050 2445 sive
1074 2377 1185 2468 patria
1209 2398 1294 2444 nos-

320 2503 398 2568 tra?
449 2498 557 2586 Spero
591 2492 664 2557 fore
699 2499 737 2558 ut
762 2498 895 2580 tempus
923 2488 1043 2558 doceat
1067 2510 1130 2558 nos
1156 2488 1294 2558 minime

321 2607 470 2687 morari,
498 2613 532 2674 et
557 2602 623 2672 hoo
649 2625 789 2694 quoque
815 2612 972 2694 respectu
994 2624 1071 2670 cum
1087 2601 1293 2672 humanitate

320 2719 492 2816 progredi.
525 2761 574 2772 -
624 2715 901 2788 circumstantiae
935 2715 1086 2790 diversae
1116 2726 1150 2788 et
1173 2740 1293 2788 neces·

320 2838 421 2915 sitas,
446 2833 544 2902 nobis
566 2819 732 2921 imposuit
757 2830 909 2898 codicem
937 2830 1018 2899 satis
1045 2830 1293 2921 imperfectum,

320 2947 478 3040 reliquias
507 2939 745 3011 dominationis
772 2951 952 3010 extraneae
979 2941 1142 3022 Gallicae,
1181 2965 1294 3035 neque

321 3060 473 3135 moribus
506 3055 631 3126 nostris
662 3051 933 3142 respondentem.
983 3053 1135 3124 Vidimus
1171 3064 1293 3148 quate-

321 3197 385 3250 nus
422 3173 595 3242 deoretum
627 3165 890 3258 temporarium,
925 3165 1042 3258 vigens
1068 3190 1130 3259 per
1155 3170 1203 3250 32
1227 3193 1292 3241 an-

321 3309 405 3372 nos,
430 3279 731 3360 commutaverit,
757 3279 923 3348 neminem
948 3288 1060 3348 tamen
1085 3283 1206 3365 credo,
1232 3305 1294 3352 co-

324 3405 431 3474 dicem
464 3398 641 3494 poenalem
671 3394 761 3486 apud
788 3415 851 3460 nos
876 3393 1063 3484 vigentem,
1102 3395 1294 3489 exemplum

323 3539 452 3612 ponere
478 3535 592 3606 posse.
617 3549 668 3562 —-
718 3507 833 3588 Quum
858 3515 971 3576 autem
995 3507 1069 3576 finis
1096 3511 1292 3602 propositus

323 3635 359 3704 in
391 3630 458 3700 hoc
485 3623 617 3702 libelle,
641 3617 802 3709 ,inprimis
828 3640 956 3710 poenas
982 3632 1099 3692 nostra
1125 3623 1159 3692 in
1186 3614 1295 3716 patria

323 3743 476 3835 vigentes
502 3742 650 3828 spectat,
688 3755 766 3801 eum
792 3730 858 3800 hoc
882 3733 917 3801 in
942 3733 1020 3803 loco
1045 3736 1126 3806 nolo
1152 3737 1295 3829 amplius

325 3851 548 3952 perscrutari,
584 3846 745 3942 quoniam
777 3845 812 3914 id
846 3845 974 3915 facilius
1002 3857 1035 3916 et
1059 3849 1165 3940 magis
1190 3851 1295 3921 modo

323 3966 516 4044 methodico
549 3961 710 4056 perficere
737 3980 840 4052 posse
865 3959 986 4043 credo,
1022 3961 1056 4030 in
1080 3960 1297 4056 inquisitione

325 4078 461 4179 speciali
487 4077 529 4148 de
555 4071 694 4148 diversis
720 4072 850 4164 poeuis.

746 4236 873 4261 —000—
