2922 5024
745 489 813 557 tto

289 679 395 740 tarem
428 691 565 764 quoque
599 669 632 738 in
664 669 851 740 maleficum
876 682 1012 741 exercet
1037 671 1181 743 adeum
1206 695 1263 742 re·

287 783 461 854 tinendum
495 805 516 852 a
549 781 687 852 crimine
711 782 745 852 in
769 784 905 866 futuro,
939 808 1045 879 quum
1070 795 1171 856 notus
1197 786 1263 856 hoc

289 895 406 988 signo,
431 917 560 988 poenas
585 895 809 966 recidivorum
834 897 957 967 timet(
1002 880 1011 889 ⁵

339 1009 401 1078 His
438 1009 644 1101 argumentis
676 1010 894 1101 respondent
943 1033 1159 1104 nequaquam
1201 1008 1262 1080 de-

291 1122 422 1193 territio
456 1122 654 1214 producitur
689 1121 807 1192 dolore
837 1121 998 1216 physico,
1032 1147 1137 1216 quum
1163 1122 1264 1192 dolo·

289 1259 362 1306 rem
399 1236 509 1307 levem
546 1245 580 1305 et
616 1244 888 1306 momentaneum
926 1256 1066 1327 prorsus
1114 1256 1183 1304 non
1225 1245 1266 1304 ut

289 1371 441 1442 poenam
467 1349 689 1420 adnumerare
722 1371 925 1442 possumus;
958 1349 1053 1440 quod
1086 1347 1129 1420 ad
1163 1345 1283 1417 effec-'

286 1472 366 1533 tum
390 1461 586 1556 psychicum
620 1461 760 1544 attinet,
799 1485 855 1532 me
887 1463 998 1532 relero
1033 1460 1076 1532 ad
1109 1485 1150 1532 ea
1181 1483 1269 1554 quae

292 1575 408 1646 notavi
442 1575 483 1644 de
516 1573 635 1666 poenis
671 1574 837 1666 psychicis
868 1574 1026 1644 universe
1053 1582 1087 1643 et
1112 1575 1153 1645 de
1178 1597 1267 1667 poe-

290 1709 336 1758 na
368 1686 608 1780 expositionis,
648 1709 691 1756 ne
715 1685 750 1755 in
775 1686 944 1756 taediosas
970 1686 1188 1779 repetitiones
1213 1686 1267 1756 in-

293 1799 412 1870 eidam.

341 1913 520 1984 Praeterea
557 1911 641 1982 haec
678 1933 791 2004 poena
838 1911 905 1982 hoc
951 1933 1091 2004 quoque
1135 1911 1268 1982 incom-

292 2023 434 2094 modum
470 2023 593 2107 habet,
636 2023 731 2116 quod
767 2023 859 2093 nullo
896 2023 1000 2093 modo
1039 2023 1268 2095 amelioratio-

292 2159 371 2206 nem
396 2136 536 2208 malefici
560 2135 750 2228 producere
775 2136 885 2220 valet,
924 2145 959 2206 at
985 2147 1103 2210 contra
1130 2137 1161 2206 ei
1188 2159 1266 2208 om-

292 2249 328 2318 ni
354 2270 456 2322 sensu
480 2248 603 2320 obstat.
1021 2254 1024 2260 '

341 2361 481 2456 Signum
519 2371 718 2456 perpetuum
757 2361 935 2444 infamiae,
981 2363 1169 2434 maleficum
1206 2386 1269 2456 per

292 2474 397 2546 vitam
434 2485 540 2546 totam
578 2472 814 2567 persequitur,
849 2471 896 2566 (1)
913 2539 915 2544 ,
932 2483 966 2542 et
999 2475 1203 2545 conscientia
1230 2498 1267 2544 se

294 2610 428 2679 semper
459 2586 688 2658 testimonium
721 2585 889 2656 indelibile
922 2584 1077 2658 infamiae
1105 2588 1266 2680 pristinae

295 2722 410 2772 secum
434 2701 544 2782 serre,
581 2699 789 2772 influentiam
813 2700 953 2770 noxiam
976 2700 1012 2770 in
1038 2701 1267 2772 amelioratio-

293 2836 372 2884 nem
409 2837 568 2884 exercere
606 2813 715 2882 dehet.
776 2813 995 2904 Experientia
1029 2815 1129 2884 docet
1161 2815 1268 2886 male-

295 2926 395 2996 ficum
429 2947 466 2994 se
499 2919 670 2994 inimicum
704 2922 946 3013 implacabilem
971 2925 1071 3018 hujus
1098 2927 1269 2998 societatis

295 3035 521 3118 constituere,
561 3058 647 3130 quae
680 3031 746 3124 ipsi
777 3032 897 3104 inussit
929 3035 1062 3128 signum
1093 3037 1269 3121 infamiae,

296 3159 329 3218 et
370 3149 421 3220 vis
454 3148 554 3243 hujus
589 3146 802 3240 cogitationis
837 3170 915 3216 eum
949 3159 1042 3220 arcte
1076 3151 1270 3224 criminibus

290 3261 412 3358 jungit.
468 3263 560 3332 Haeo
586 3260 722 3354 quidem
747 3261 986 3353 contemplatio
1005 3264 1147 3336 malefici
1164 3266 1270 3358 magis

289 3505 560 3520 wunn-

335 3656 384 3732 (l)
411 3655 539 3713 Vidimus
566 3656 624 3726 jam
651 3674 754 3729 supra,
783 3659 867 3712 etiam
896 3658 970 3714 hanc
989 3660 1207 3732 perpetuitatem
1225 3661 1268 3716 vi-

297 3749 369 3803 tium
396 3748 490 3821 magni
516 3748 667 3815 momenti,
695 3748 793 3802 multis
818 3750 915 3821 poenis
933 3751 1113 3805 constituere.
1153 3745 1269 3805 Tenen

297 3857 376 3894 nunc
396 3848 491 3894 autem
509 3838 592 3894 aliam
610 3839 770 3912 opinionem
789 3842 933 3912 sequitura

334 3948 349 3982 a
368 3926 474 4002 Depnis
504 3930 531 3984 la
548 3931 707 3986 revolution
735 3933 762 3986 la
781 3949 898 4002 marqne
917 3949 933 3985 a
952 3935 996 3986 c'te
1014 3931 1199 3986 abandonne'e
1216 3946 1271 4002 par

295 4020 385 4074 n'une
404 4019 494 4075 iausse
514 4022 737 4089 consideration,
756 4022 823 4075 tire'e
843 4021 883 4075 du
902 4027 1043 4076 caractere
1063 4022 1096 4076 de
1112 4021 1271 4094 perpetuitd

294 4131 310 4163 n
328 4108 428 4184 qu’ellc
456 4115 584 4184 presente
614 4122 642 4167 et
668 4107 755 4184 qn'on
778 4111 885 4166 vonlait
903 4111 1011 4180 abolir,
1047 4111 1129 4167 etde
1150 4111 1269 4166 labelle

296 4221 311 4254 u
329 4203 391 4258 tute
409 4201 515 4258 morale
536 4203 570 4259 de
589 4203 616 4258 la
635 4201 873 4260 rehabilitation.”
