2922 5024
671 495 717 563 93

206 674 343 746 corbem
388 675 558 767 serragine
598 677 760 768 repletam
799 676 834 744 in
868 676 1055 766 pnitlotioac
1089 697 1175 755 usu,

203 789 254 858 sin
290 787 410 858 minus·
434 789 469 857 in
504 790 674 860 cumulum
708 811 841 860 arenae.
894 788 988 877 Quot
1021 789 1176 880 exempla

203 909 321 971 contra
353 901 530 970 vulnerum
566 901 683 994 capitis
716 900 878 970 habemus
904 900 962 968 ubi
990 901 1173 970 commotio

203 1014 435 1084 vehementior
464 1014 584 1095 fuerit,
619 1013 824 1083 conscientia
849 1012 901 1082 sui
926 1021 1038 1082 tamen
1062 1014 1177 1084 illaesa

205 1137 379 1208 manente;
413 1149 446 1197 v.
473 1151 501 1196 c.
527 1126 562 1196 in
587 1127 656 1196 ictu
682 1127 823 1196 acinacis
849 1125 885 1195 in
910 1124 1079 1207 cranium,
1105 1147 1174 1218 quo

203 1262 274 1310 non
300 1241 410 1310 solum
437 1239 586 1309 cranium
612 1237 986 1330 magnoperelaeditur
1011 1239 1071 1307 sed
1095 1260 1174 1330 pars

202 1375 339 1446 quoque
386 1351 515 1420 cerebri
561 1352 738 1434 aufertur,
785 1359 819 1420 et
863 1359 976 1422 tamen
1020 1351 1172 1422 videmus

198 1464 442 1534 conscientiam
468 1462 520 1531 sni
543 1485 691 1532 manere.

248 1577 439 1646 Voluerunt
463 1597 587 1667 magno
612 1576 730 1644 dolore
752 1575 810 1669 qui
828 1575 1072 1667 decapitatione
1088 1598 1172 1668 pro-
1201 1603 1205 1614 ⁸

200 1687 354 1771 ducitur,
393 1687 630 1757 conscientiam
657 1689 710 1758 sui
734 1689 832 1780 plane
858 1698 916 1758 aut
940 1688 1063 1779 partim
1088 1688 1171 1758 tolli.

200 1800 415 1894 Quamquam
448 1800 580 1891 saepius
606 1800 661 1870 hic
686 1801 821 1868 effectus
847 1801 1046 1892 producitur
1071 1800 1170 1870 dolo-

198 1913 291 1982 ribus
325 1909 644 1993 vehementissimis,
680 1934 767 2004 quos
801 1913 966 1982 laesiones
994 1913 1167 2004 graviores

194 2025 405 2117 producunt,
443 2034 556 2096 tamen
599 2022 737 2094 dubium
771 2034 840 2106 est,
879 2048 921 2096 an
956 2025 1169 2095 decollationi

193 2137 258 2206 rite
291 2139 481 2228 perlectae,
514 2136 589 2206 talis
624 2137 722 2206 dolor
757 2137 853 2207 adsit.
905 2139 1032 2210 Contra
1057 2162 1101 2208 ex
1126 2162 1166 2210 a·

193 2249 328 2340 nalogia
353 2247 528 2318 admittere
555 2269 762 2339 possumus,
798 2250 834 2318 in
858 2251 1082 2340 perscissione
1106 2275 1166 2324 ra-

192 2383 328 2431 morum
356 2362 525 2454 majorum
551 2359 738 2453 systematis
764 2362 921 2442 nervosi,
953 2371 992 2430 ut
1017 2385 1049 2431 v.
1076 2387 1104 2431 c.
1130 2363 1165 2432 in

193 2474 477 2566 amputationibus
529 2472 777 2542 extremitatum
828 2474 974 2557 obtinet,
1028 2475 1164 2546 minime

192 2585 346 2656 dolorem
385 2587 438 2656 in·
462 2587 685 2677 proportione
728 2587 866 2678 augeri,
907 2611 986 2656 nam
1028 2588 1161 2679 saepius

187 2697 353 2768 laesiones
378 2699 526 2768 minores
552 2698 792 2766 nonnullorum
816 2699 1060 2768 filamentoram
1085 2723 1161 2792 sys-

188 2811 321 2880 tematis
343 2809 463 2904 hujuS‚
490 2809 655 2879 cruciatus
673 2809 984 2881 vehementissimos
1003 2811 1158 2882 efficiunt.

186 2923 313 2993 Tamen
339 2923 438 2992 nimis
463 2921 679 3016 hypothetica
704 2931 755 2991 est
780 2923 896 3015 opinio
923 2948 1060 3008 eorum,
1100 2925 1159 3017 qni

186 3035 370 3106 absentiam
408 3035 535 3106 doloris
572 3059 616 3105 ex
648 3035 885 3128 physionomia
909 3037 1040 3129 placida
1065 3039 1158 3130 capi-

185 3147 228 3218 tis
268 3149 413 3218 truncati
452 3148 598 3240 probare
640 3156 787 3230 tentant,
829 3151 922 3242 quod
946 3161 1157 3241 postremum

184 3285 300 3332 veram
337 3283 412 3330 esse
452 3261 526 3352 ipse
567 3259 658 3342 vidi,
694 3270 727 3328 et
763 3261 902 3332 Wnnnr
934 3265 1048 3332 fautor
1079 3265 1156 3354 opi-

184 3373 295 3442 nionis
354 3374 580 3442 Sonunnusou
639 3372 739 3442 etiam
793 3374 977 3446 confirmat.
1065 3377 1155 3467 Sup-

183 3485 309 3579 positio
360 3486 504 3576 gratuita
554 3495 631 3569 est,
685 3510 764 3557 nam
805 3487 979 3581 quomodo
1022 3511 1153 3580 suppo-

183 3621 265 3668 nere
315 3597 524 3690 poterimus,
574 3599 688 3691 posito
740 3601 977 3672 conscientiam
1023 3602 1076 3674 sui
1121 3611 1155 3672 et

184 3712 337 3782 dolorem
395 3709 505 3781 adhuc
553 3720 634 3803 post
685 3699 940 3785 decollationem
996 3723 1154 3796 exstare,

182 3834 261 3916 post
285 3823 371 3894 banc
395 3823 578 3894 laesionem
603 3826 836 3917 gravissimam
853 3815 1066 3918 organicam,
1092 3829 1154 3900 ad-

181 3936 247 4008 buc
283 3945 385 4030 caput
417 3937 513 4008 uultu
538 3947 703 4021 externo,
742 3939 895 4009 dolorem
919 3941 1087 4012 internum
1114 3965 1151 4009 e-

177 4051 362 4135 xistentem
392 4052 604 4124 manifestare
633 4073 746 4144 posse.
798 4053 870 4122 Gall
901 4063 990 4123 certe
1015 4054 1154 4123 nimium

181 4162 326 4254 probare
360 4173 483 4251 tentat,
518 4188 657 4240 narrans
693 4175 793 4260 caput
818 4174 1008 4239 truncatum
1034 4167 1151 4236 Cunn-
