2922 5024
639 459 712 540 tae

229 653 377 726 Tandem
411 677 560 726 carneres
593 654 754 726 ordinarii
779 655 850 725 sine
875 653 1063 726 reclusione
1088 674 1148 746 so-

177 765 304 857 litania,
339 791 416 838 enm
441 777 499 838 ant
524 768 595 838 sine
621 790 728 860 opera
753 776 888 848 coacta,
915 766 1147 859 perscrutandi

178 890 309 961 essent,
355 880 420 950 nisi
462 882 669 974 experientia
699 881 771 975 jam
804 902 921 950 omnes
956 881 1144 962 docuisset,

175 989 473 1064 incarcerationem
506 1017 719 1064 communem
753 1003 786 1062 et
819 993 853 1064 in
887 992 1019 1064 theoria
1052 994 1145 1062 etin

178 1104 294 1196 praxi,
319 1105 576 1198 improbandam
603 1130 687 1178 esse.

229 1218 352 1290 Omnia
384 1243 470 1313 qnae
503 1218 678 1311 hueusque
707 1219 854 1288 breviter
878 1219 1022 1292 adduota
1047 1229 1147 1300 sunt,

176 1331 335 1402 universe
372 1343 562 1424 ‘tamquam
610 1332 868 1402 fundamentum
907 1333 1150 1404 consideranda

179 1454 276 1526 sunt,
305 1445 338 1512 in
366 1465 434 1537 qno
461 1445 577 1536 opinio
604 1467 746 1539 sequens
772 1445 974 1528 instruatur,
1002 1456 1148 1538 atquae

177 1557 410 1648 gradationem
435 1579 566 1648 poenae
588 1559 783 1628 seelnsionis
802 1559 981 1628 contineat.
1033 1557 1149 1640 Quum

177 1669 409 1762 gradationem
436 1669 534 1752 dieo,
568 1672 649 1741 nolo
678 1671 965 1742 elassifieationem
992 1673 1147 1764 captivo·

178 1806 253 1852 rum
287 1785 519 1853 individualem
545 1779 601 1876 (1).
652 1783 778 1852 Dubito
806 1784 893 1854 enim
921 1807 964 1854 an
988 1785 1023 1853 in
1049 1785 1149 1876 praxi

177 1917 328 1988 unquam
370 1895 445 1966 talis
488 1894 698 1965 elassisroatio
733 1896 943 1986 captivorum
977 1897 1148 1967 rationalis

178 2008 306 2078 institui
331 2009 451 2100 possit.

227 2113 387 2189 Fortasse
420 2119 487 2188 boe
520 2129 666 2212 systema
699 2119 906 2212 gradationis
933 2139 1039 2214 soopo
1064 2144 1148 2214 pro-

180 2231 294 2324 posito
318 2231 546 2324 respondebit.

185 2429 443 2443 ...ou—nu·-

217 2533 265 2610 (1)
301 2534 480 2594 Glassilicatio
514 2541 690 2614 captivorum
721 2553 849 2613 respectu
877 2544 1079 2614 enormitatis,
1116 2547 1148 2602 in

178 2629 258 2700 praxi
285 2629 338 2681 rite
366 2628 425 2682 fieri
453 2648 513 2684 non
533 2640 643 2701 potesta
671 2631 843 2687 classilicatio
862 2645 989 2703 respectu
1011 2637 1147 2706 temporib

178 2735 238 2770 non
257 2733 368 2790 semper
393 2737 477 2791 scopo
507 2719 677 2791 respondet;
713 2721 849 2793 quidquid
872 2722 1030 2777 moliuntur
1047 2727 1149 2780 nibilo·

179 2807 273 2862 minus
310 2816 407 2862 tamen
453 2811 483 2863 in
519 2811 597 2882 praxi
636 2811 790 2881 majoribus
824 2811 1035 2868 difficultatibus
1072 2819 1149 2873 omni

180 2895 351 2952 elassificatio
381 2899 531 2954 laborabit.
570 2898 656 2974 Apud
674 2920 728 2956 nos
747 2903 970 2974 experimentum
987 2905 1018 2960 in
1037 2925 1149 2964 carcere

180 2984 403 3044 Leeuwardiensi
426 2992 588 3046 institutum
616 3002 675 3060 est,
707 2993 740 3048 de
771 2993 850 3063 cujus
878 2993 978 3048 ellectu
1005 2997 1149 3070 opiniones

181 3077 303 3134 diversae
330 3090 405 3136 sunt.
435 3111 473 3122 —
502 3079 537 3136 ln
564 3077 654 3137 Gallia
673 3082 911 3138 classilicabantnr
930 3095 1015 3142 antea
1033 3089 1152 3146 malefici

182 3166 332 3242 (longam),
371 3189 424 3243 pro
463 3181 589 3246 tempore
634 3174 883 3227 condemnationis.
922 3205 961 3215 —-
990 3174 1043 3232 Vir
1073 3181 1148 3235 doct.

181 3256 276 3314 Lnoas
295 3263 429 3333 proponit
447 3263 683 3318 classilicatinnem
711 3264 741 3318 in
766 3265 889 3336 quinque
908 3265 1053 3321 diminues
1071 3270 1152 3341 prin·

182 3349 302 3422 cipales‚
332 3360 361 3404 et
388 3351 438 3406 bas
464 3353 585 3426 singulas
608 3372 706 3408 rursus
724 3355 754 3408 in
773 3364 897 3426 quatuor
915 3356 1058 3411 sectiones.
1098 3355 1153 3414 Per

181 3439 231 3493 has
250 3439 347 3512 viginti
367 3441 511 3496 divisiones
530 3443 672 3500 maleficus
682 3447 837 3518 filie-ntur,
865 3443 914 3519 (sit
932 3447 1012 3500 venia
1031 3448 1151 3524 verbo),

181 3538 210 3584 et
237 3529 353 3584 tandem
384 3533 562 3588 emelioratus
599 3537 724 3590 societati
753 3536 885 3590 traditur.
914 3566 953 3576 -
980 3534 1016 3593 In
1044 3539 1152 3598 theoria

180 3629 256 3674 certe
285 3619 467 3692 admirabile,
497 3624 545 3679 sed
572 3627 713 3696 quomodo
742 3628 772 3681 in
792 3628 870 3700 praxi
889 3628 1079 3688 adhibendum
1098 3633 1152 3690 hoc

180 3726 301 3766 suerrus
321 3709 538 3769 russurrensis?
