2922 5024
641 508 707 576 lib

188 694 300 764 ficium
338 689 431 786 quod
468 676 613 782 poenam
652 684 848 757 seclusionis
885 686 1046 756 leviorem
1082 684 1161 756 red·-

189 807 236 875 dit
260 804 316 899 (1).
368 805 583 898 Quamquam
607 801 773 873 laudabile
801 799 843 868 sit
867 799 1023 868 universe
1049 799 1161 869 homi-

188 919 286 987 nibus
314 917 491 987 ostendere
517 917 725 1006 voluptatem
750 913 838 982 vitae
862 911 1072 994 laboriosae,
1110 921 1163 980 te-

189 1029 336 1100 nendum
371 1038 483 1098 tamen
516 1027 669 1097 laborem
703 1035 835 1116 tempus
861 1023 996 1116 brevius
1022 1024 1163 1094 reddere

191 1153 224 1211 ct
257 1141 404 1232 gratius,
440 1152 473 1209 et
507 1141 555 1208 sic
588 1161 734 1230 poenam
767 1159 973 1228 magnopere
1009 1136 1162 1204 allevare.

190 1253 341 1324 Seclusio
380 1265 493 1323 autem
531 1275 664 1343 semper
701 1250 826 1319 malum
852 1249 1006 1317 sensibile
1031 1271 1164 1339 poenae

186 1389 324 1437 manere
358 1365 476 1445 debet,
510 1363 709 1455 praesertim
742 1361 844 1430 hodie
878 1385 982 1454 quum
1007 1361 1163 1430 universe

186 1478 275 1549 hanc
324 1499 471 1568 poenam
521 1475 634 1544 multis
677 1473 748 1542 aliis
792 1473 993 1542 substituere
1035 1473 1163 1544 volunt.

188 1591 283 1672 Quot
317 1589 472 1680 exempla
499 1588 571 1680 jam
606 1588 793 1656 docuerunt
825 1586 999 1655 criminum
1025 1586 1060 1655 in
1086 1609 1164 1655 eum

187 1692 317 1772 tantum
351 1701 452 1769 finem
478 1701 756 1780 commissorum,
790 1706 828 1765 ut
853 1708 1103 1769 reverterentur
1127 1699 1162 1768 in

189 1815 328 1885 domum
352 1813 438 1882 bene
464 1812 660 1882 instructam
688 1820 721 1879 et
738 1810 969 1892 commodam,
995 1811 1054 1880 ubi
1072 1834 1162 1880 sem-

187 1951 248 2019 per
293 1927 418 1996 vietum
463 1925 695 2018 quotidianum
731 1921 927 2003 inveniunt,
972 1922 1104 1990 liberati
1141 1946 1162 1992 a

186 2038 274 2108 curis
308 2036 555 2118 materialibus,
591 2035 649 2106 ubi
674 2033 841 2103 interdum
867 2033 967 2104 etiam
992 2033 1160 2126 pecubum

186 2151 356 2240 colligunt.
850 2129 858 2151 ’
1224 2149 1228 2158 “

233 2263 271 2329 Ιιι
306 2258 433 2339 Gellia,
466 2258 525 2328 ubi
559 2259 682 2350 captivi
710 2261 863 2353 juniores
888 2259 923 2327 in
949 2281 1083 2327 carcere
1107 2260 1158 2328 La

183 2377 394 2453 Roouurrn,
430 2381 518 2441 artes
543 2395 645 2442 manu
669 2372 836 2442 faciendas
863 2370 1011 2439 diversas
1037 2366 1156 2462 (baud-

183 2485 330 2581 wcrlren)
373 2485 559 2566 docentur,
582 2523 584 2532 ·
607 2486 761 2576 exempla
803 2491 937 2552 exstant
978 2490 1155 2573 parentum

183 2601 242 2692 qui
266 2600 390 2667 liberos
417 2598 460 2666 ad
486 2597 611 2665 crimen
634 2598 741 2666 levius
767 2597 923 2676 incitant,
957 2604 995 2664 ut
1019 2594 1054 2662 in
1080 2618 1154 2664 car-

180 2735 256 2779 cere
289 2711 391 2800 oretis
426 2708 609 2775 educentur
639 2717 672 2776 et
699 2716 804 2776 artem
832 2708 969 2776 discant.
1021 2707 1151 2775 Dolen-
1183 2758 1186 2766 ,

180 2823 283 2904 dum,
325 2822 524 2913 plerumque
561 2819 695 2889 labores
732 2818 767 2886 in
801 2820 989 2888 carceribus
1016 2819 1152 2888 cellula-

174 2935 267 3005 ribus
293 2944 327 3004 et
350 2932 576 3004 Auburnianis
602 2955 664 3024 per
690 2931 861 3001 seminus
887 2933 988 3002 rudes
1015 2942 1048 3002 et
1073 2955 1150 3002 mo-

181 3163 414 3178 wan-¹¹·-

219 3296 268 3372 (l)
289 3295 465 3370 Experientia
491 3299 587 3354 docuit
615 3297 797 3351 seclusiouem
823 3297 984 3351 cellularem
1003 3295 1152 3370 Pensylva-

181 3389 274 3442 nicam
305 3389 363 3442 sine
392 3407 497 3460 opere,
526 3406 647 3460 poenam
676 3406 732 3442 esse
759 3405 816 3458 qua
843 3387 960 3442 malefici
990 3387 1151 3443 ferocissimi

180 3479 332 3551 constringi
359 3480 482 3550 possint3
514 3481 640 3533 universe
672 3475 690 3532 6
720 3476 908 3532 hebdomades
932 3478 1091 3532 seclusionis
1109 3496 1152 3532 se·

180 3565 305 3622 cundum
333 3578 398 3640 syst.
424 3565 550 3640 Pensylv.
570 3588 625 3623 sev.
645 3570 702 3622 sine
722 3586 830 3640 opere,
857 3570 1012 3641 graviorem
1030 3585 1151 3642 poenam

181 3677 258 3726 esse,
285 3676 370 3730 quam
390 3667 484 3712 totum
510 3678 617 3713 anuum
637 3679 700 3713 cum
721 3677 805 3731 opere
826 3661 980 3714 secundum
999 3669 1065 3732 syst.
1085 3655 1151 3715 Vir-

178 3751 330 3823 ginianum.
375 3745 456 3802 llanc
487 3748 524 3803 ob
553 3767 613 3802 rem
635 3750 763 3818 privatio
790 3751 884 3821 operis
911 3761 945 3804 ut
964 3768 1055 3822 poena
1073 3768 1151 3822 mag·

178 3858 283 3913 nopere
311 3837 365 3892 hoc
392 3823 422 3892 in
441 3848 667 3911 casupraestare
685 3850 797 3912 potest,
828 3850 856 3893 et
873 3842 1039 3912 praesertim
1059 3858 1150 3912 poena
1206 3888 1208 3905 ,

177 3931 322 3986 rationalis
347 3941 406 3998 est,
435 3947 522 4000 quum
543 3930 626 3983 simul
645 3931 751 3986 indicat
771 3931 912 3985 hominem
934 3931 1073 4002 seipsum
1093 3931 1150 4000 jam

177 4023 295 4093 punire,
321 4041 410 4094 quum
441 4020 535 4074 officiis
562 4021 618 4074 suis
645 4040 704 4075 non
730 4007 880 4094 fungitur.¹
906 4017 1031 4074 Tremuli
1050 4017 1150 4092 (Kwa-
1200 4067 1204 4074 .

178 4109 256 4184 kers)
285 4131 343 4166 non
372 4113 430 4166 sine
449 4112 557 4166 ratione
577 4113 774 4178 contendunt,
802 4111 1039 4166 ameliorationem
1057 4125 1150 4164 mora·

178 4201 233 4256 lem
252 4202 309 4258 sine
329 4221 429 4276 opere,
447 4219 564 4276 prorsus
582 4218 640 4256 non
660 4200 719 4270 lieri
739 4219 826 4272 posse.
