2926 5034
792 520 835 587 16

330 708 492 803 requisita
516 701 711 798 principalia
735 725 865 794 poenae
883 703 1072 788 rationalis,
1099 730 1240 802 scopum
1253 723 1305 784 at-

331 821 507 915 lingentis,
532 827 739 912 naturaeque
763 816 907 888 hominis
933 826 1049 910 aptae,
1076 833 1171 892 sunt:

378 938 403 1004 Ι.
454 934 570 1002 Poena
595 930 693 1000 debet
717 931 842 1001 malum
868 953 942 1000 esse
969 933 1139 1018 malefice,
1168 947 1201 1006 et
1227 963 1304 1010 curn

329 1049 454 1119 directe
489 1055 521 1117 et
545 1042 650 1114 modo
672 1041 797 1112 idoneo
824 1041 974 1125 afficere,
1009 1056 1047 1115 ut
1070 1047 1155 1120 hene
1180 1051 1303 1123 intelli-

326 1172 404 1254 gat,
438 1158 504 1228 hoc
536 1155 663 1226 malum
695 1156 730 1226 in
764 1158 1039 1251 consequentiam
1064 1161 1205 1233 actionis
1232 1165 1300 1236 illi·

327 1275 431 1353 citae,
464 1269 531 1362 legi
556 1268 762 1350 contrariae,
796 1269 827 1338 ei
851 1269 1012 1340 accidere.

375 1389 416 1456 ll.
467 1381 650 1476 Propertio
685 1391 859 1463 accurata,
897 1382 1032 1465 intima,
1076 1385 1175 1456 debet
1208 1389 1301 1460 exis-

325 1511 414 1581 tere,
440 1500 528 1568 inter
551 1515 744 1563 mensuram
768 1515 899 1582 poenae
924 1504 958 1563 et
981 1496 1138 1568 criminis.

374 1613 431 1682 lll.
481 1610 597 1677 Poena
629 1605 664 1674 in
697 1605 891 1699 propinquo
926 1617 959 1676 et
992 1629 1069 1678 cum
1102 1601 1300 1684 certitudine

326 1724 426 1794 dehet
449 1718 637 1792 maleficum
661 1715 804 1787 afficere.

376 1836 433 1906 lV.
484 1834 600 1902 Poena
631 1829 730 1900 debet
754 1831 838 1902 elios
865 1832 1010 1902 retinere
1034 1833 1089 1904 vel
1114 1835 1302 1917 deterrere,

328 1961 367 2020 ut
401 1971 437 2018 se
471 1944 659 2016 abstineant
692 1944 733 2014 ah
765 1944 884 2015 iisdem
910 1945 1096 2017 actionibus
1122 1947 1304 2018 criminali·

326 2063 410 2144 bus,
444 2069 525 2153 post
549 2080 632 2151 quas
657 2079 770 2149 poena
797 2057 959 2151 sequitur.

375 2174 417 2242 V.
468 2173 583 2240 Poena
616 2171 715 2241 debet
738 2171 926 2242 maleficum
952 2181 1115 2266 quantum
1139 2173 1211 2244 lieri
1235 2194 1302 2265 po-

325 2295 410 2368 test,
435 2285 619 2355 innocuum
643 2293 677 2353 et
700 2284 876 2355 meliorem
900 2285 1051 2354 reddere.

377 2398 508 2479 Crede,
541 2397 668 2466 nullum
702 2407 921 2488 systematum
955 2396 1169 2489 superiorum
1201 2397 1304 2467 telem

295 2578 297 2582 .
325 2535 471 2605 poenam
508 2507 724 2599 improbare,
767 2507 903 2601 quando
937 2507 1028 2578 hisce
1063 2507 1211 2603 quinque
1245 2533 1302 2578 re-

326 2624 456 2717 quisitis
498 2620 703 2712 respondet;
745 2644 951 2716 quamquam
990 2623 1106 2692 forsan
1149 2621 1301 2693 diversae

325 2737 495 2817 theoriae,
531 2734 697 2805 diversam
726 2734 837 2805 ideam
863 2756 958 2805 suam
984 2735 1202 2828 principalem
1221 2751 1300 2805 'ma-

325 2852 376 2944 gis
403 2850 568 2928 eminere,
603 2848 841 2917 desiderarent.

374 2964 597 3030 Transeamus
625 2981 714 3027 nunc
739 2959 781 3029 ad
808 2958 1069 3028 illucidatienem
1093 2959 1216 3028 horum
1245 2983 1301 3030 re-

291 3102 294 3106 ·
325 3075 536 3170 quisitorum.

375 3190 400 3257 l.
451 3189 584 3268 Pomm¹
608 3205 720 3254 neser
754 3203 873 3254 uuum
906 3203 987 3252 nssn
1021 3205 1212 3267 usnemun,
1255 3209 1299 3255 nr

326 3322 397 3372 uun
420 3320 568 3371 uincere
594 3321 638 3368 nr
663 3319 762 3366 uono
788 3317 914 3365 monuo
939 3317 1124 3380 nrsrcnnn,
1151 3319 1195 3368 nr
1212 3320 1298 3368 eune

326 3435 547 3494 mrunnrenr,
580 3433 650 3482 uec
683 3431 802 3480 unuuu
834 3429 868 3477 ru
894 3431 1177 3489 conscensurum
1200 3433 1299 3483 nom·-

328 3550 403 3599 oms
428 3546 614 3606 remorsus,
639 3545 717 3594 urei
742 3543 976 3606 conamine,
1001 3545 1035 3592 nr
1058 3546 1237 3595 nccrneuu.

375 3641 484 3708 Nemo
526 3645 616 3705 certe
649 3635 778 3704 dubitat
811 3657 949 3705 necesse
982 3658 1075 3719 esse,
1117 3647 1155 3706 ut
1189 3659 1301 3728 poena

326 3737 452 3821 malum
486 3748 529 3818 sit
552 3747 723 3826 malefico;
762 3747 791 3817 si
816 3747 905 3817 enim
931 3748 962 3817 ei
986 3771 1056 3817 non
1080 3749 1205 3820 molum
1231 3760 1302 3833 est,

327 3863 362 3932 id
387 3861 480 3955 qued
504 3860 574 3952 pati
599 3859 719 3941 debet,
753 3881 823 3928 non
849 3861 990 3952 amplius
1016 3885 1128 3952 poena
1153 3873 1251 3933 esset.

377 3975 465 4045 Eum
491 3974 606 4042 directe
632 3973 719 4042 dedet
744 3975 881 4066 afficere.
932 3974 1091 4042 Nonnulli
1117 3973 1303 4067 distingue-

227 4067 230 4071 ’
329 4088 410 4158 bant
442 4087 532 4155 mala
566 4087 687 4156 directa
718 4086 857 4154 amalis
882 4086 1063 4164 indiceretis,
1101 4085 1202 4180 idque
1227 4111 1303 4158 rec·
1382 4099 1385 4108 ’

284 4251 286 4258 ,
329 4213 380 4281 tc;
416 4221 561 4295 quorum
593 4197 649 4270 illa
683 4196 822 4270 malefici
855 4196 960 4291 ipsius
986 4219 1185 4291 personam,
1220 4199 1302 4271 haee
