2922 5024
349 629 387 698 ln
413 628 475 700 hac
502 629 667 701 divisione
692 642 839 726 systema
864 631 1111 704 auburnianum
1136 630 1272 702 modifi-

297 751 412 812 catum
438 741 663 814 adhibendum
689 757 758 829 est,
793 743 850 840 (25
878 746 1113 816 tantummodo
1140 745 1175 816 in
1202 745 1273 814 sin-

298 855 385 946 gulis
423 855 570 926 tabernis
609 857 852 953 officinalibus).
923 858 1092 930 Diuturna
1129 859 1273 928 seclusio

299 977 371 1038 tum
407 969 518 1040 miuus
558 979 674 1061 aptum
713 971 812 1042 efficit
848 980 995 1064 systema
1033 970 1105 1040 cell.
1143 970 1272 1062 Virgin.

299 1081 426 1151 Tamen
451 1081 620 1151 interdum
645 1083 826 1155 nonnullae
852 1084 1068 1176 exceptiones
1094 1083 1274 1154 instituen-

299 1193 362 1264 dae
395 1216 460 1285 pro
494 1217 618 1286 genere
653 1194 787 1264 diverso
820 1195 1094 1278 individuorum,
1132 1206 1167 1266 et
1200 1205 1273 1264 tum

300 1314 380 1397 syst.
407 1307 535 1398 Virgin.
562 1307 786 1379 adhibendum
812 1319 874 1379 est.

348 1421 503 1491 Poenae:
542 1421 631 1514 Syst.
670 1419 741 1490 cell.
780 1422 934 1514 Pensylv.
973 1446 1081 1516 aquae
1119 1430 1152 1491 et
1176 1419 1273 1513 panis

300 1532 418 1602 diaeta.
469 1535 583 1603 Poena
608 1532 763 1623 gravior:
789 1535 907 1604 cellula
933 1535 1088 1606 obscura.

593 1985 865 2054 CLASSlS
941 1988 998 2054 lll.

543 2215 792 2268 tucaucstutrto
831 2221 1032 2269 cumulatas.
1094 2221 1099 2224 ’

688 2443 889 2474 ..⁴0oe-

348 2654 412 2726 Hic
448 2679 585 2751 quoque
625 2680 739 2730 carcer
773 2655 903 2728 duabus
938 2655 1158 2727 divisionibus
1186 2679 1272 2726 con-

302 2779 391 2840 stare
417 2769 526 2838 debet.

350 2881 391 2948 A.
441 2881 564 2950 Divisio
590 2905 701 2950 eorum
727 2883 785 2973 qui
810 2882 1013 2950 condemnati
1035 2896 1111 2950 suat
1135 2884 1181 2952 od
1192 2885 1276 2952 5-40

304 3013 416 3062 anuos.

301 3173 303 3177 f
353 3101 403 3170 lbi
445 3111 592 3196 systema
635 3099 880 3172 auhurnianum
922 3103 1179 3192 praeferendum
1223 3115 1275 3173 est

304 3213 477 3307 systemati
502 3214 574 3284 cell.
599 3213 747 3306 Virgin,
785 3213 945 3308 quoniam
970 3223 1103 3308 tempus
1129 3217 1274 3286 detenti-

305 3328 380 3398 onis
417 3328 551 3421 longius
591 3339 652 3399 est.
710 3329 749 3398 ln
785 3327 837 3396 his
864 3328 1004 3398 officinis
1032 3331 1132 3401 etiam
1158 3355 1202 3400 ex
1226 3333 1272 3400 25

303 3443 482 3513 individius
510 3441 775 3522 constituendis,
800 3440 897 3509 labor
922 3452 1086 3535 quantum
1111 3444 1183 3514 fieri
1208 3466 1274 3535 po-

310 3566 395 3638 test,
420 3554 541 3624 rudior
566 3564 599 3624 et
622 3554 797 3624 molestior
821 3552 1056 3644 imponendus.

355 3671 512 3738 Poenae:
555 3667 705 3738 Seclusio
748 3665 820 3734 cell.
858 3667 1013 3761 Pensylv.
1053 3669 1125 3738 sine
1151 3691 1274 3761 opere,

307 3782 416 3854 diaeta
453 3781 549 3872 panis
585 3790 618 3850 et
651 3803 770 3872 aquae.
823 3779 966 3849 Gravior
990 3803 1120 3872 poena:
1160 3781 1277 3851 cellula

311 3895 479 3975 obscura,
505 3893 677 3988 instigatio
702 3892 789 3960 intra
815 3914 943 3961 muros.

354 4009 393 4078 B.
444 4009 566 4080 Diuisio
594 4030 705 4078 eorum
722 4005 780 4100 qui
796 4007 999 4076 condemnati
1014 4023 1088 4076 suut
1106 4009 1152 4076 ad
1166 4009 1277 4079 10-20

308 4148 419 4194 occos.
