2922 5024
631 495 675 563 95

165 679 230 750 bile
270 679 373 748 luisse
407 676 547 746 diversis
578 677 718 748 stimulis
746 697 806 768 per
833 687 853 771 1
878 675 982 748 borae
1008 686 1146 770 partem*

164 802 244 885 post
269 790 537 871 exsecutionem,
563 800 597 860 et
621 790 740 860 oculos
759 789 918 860 clausisse
933 790 1008 860 luce
1021 791 1137 883 splen-

166 905 244 976 dida
268 904 399 982 adlata;
431 903 579 996 linguam
605 926 648 973 ex
674 925 735 972 ore
759 903 961 995 pendentem
987 928 1050 974 acu
1076 904 1138 974 sti-

165 1017 326 1088 mulatam
365 1037 439 1086 sese
475 1015 680 1098 retraxisse,
720 1026 754 1085 et
797 1037 963 1107 organum
1004 1016 1137 1086 auditus

167 1130 310 1198 scienter
335 1127 526 1199 distinxisse
551 1151 673 1199 sonum
690 1137 829 1209 uotum,
856 1126 1004 1222 (quidem
1020 1128 1138 1198 volunt

166 1241 302 1311 nomine
327 1261 494 1332 personae
519 1241 726 1333 decapitatae
750 1242 991 1333 pronuntiato,
1026 1241 1137 1312 statim

166 1356 283 1424 oculos
308 1354 343 1423 in
359 1354 445 1448 banc
463 1353 680 1423 directionem
693 1375 811 1423 versos
828 1353 955 1448 luisset)
989 1355 1135 1444 Experi-

164 1477 279 1538 menta
294 1465 508 1536 renuentiora
524 1465 736 1536 diversorum
753 1465 904 1535 virorum
921 1465 1137 1536 doctissimo-

165 1603 240 1649 rum
257 1578 407 1670 Lipsiae,
438 1576 690 1668 llouingsberg,
711 1577 904 1662 Laudabat,
921 1581 1136 1671 Argentorati

165 1703 198 1762 et
214 1691 350 1762 Parisiis
363 1689 530 1772 instituta,
556 1699 696 1761 eventus
715 1691 886 1774 diversos,
904 1692 1041 1762 minime
1058 1693 1137 1785 opi·

162 1807 298 1876 uiouem
341 1802 577 1895 Sdmmeringii
603 1802 857 1887 confirmautes,
891 1806 1137 1896 produxerunt.

165 1922 205 1988 ln
236 1917 352 1990 Diario
390 1918 471 1988 Goz.
498 1917 552 1985 des
577 1916 650 2006 bop.
676 1918 699 1983 5
723 1917 871 1988 macac.
896 1918 1009 1998 l8dd,
1042 1919 1138 1988 vide-

164 2055 239 2103 mus
272 2034 371 2101 Doct.
414 2029 622 2098 Bonumonr
662 2050 739 2097 cum
778 2029 918 2098 Taunor
942 2029 977 2098 in
1001 2030 1137 2122 Algena

163 2146 393 2239 experimenta
441 2140 625 2209 instituisse
674 2140 709 2210 in
760 2141 923 2233 capitibus
974 2143 1136 2213 truncatis

161 2259 352 2349 puillotina,
388 2251 509 2346 quibus
544 2251 781 2342 experimentis
807 2277 924 2324 ansam
950 2256 1040 2326 dedit
1065 2256 1136 2325 dis·

159 2369 291 2462 putatio
317 2368 388 2438 Vir.
415 2365 504 2434 doct.
530 2364 679 2435 Wuson
703 2363 738 2434 in
763 2365 957 2448 Britannia,
984 2368 1044 2436 sed
1061 2368 1132 2437 siue

161 2483 299 2561 effectu3
330 2477 499 2550 evitabant
523 2475 816 2570 haemorrhagiam
845 2487 1006 2572 quantum
1033 2491 1133 2572 pote-

161 2605 257 2677 rant,
284 2593 394 2684 capite
419 2591 531 2662 statim
556 2599 637 2682 post
662 2590 938 2683 decapitationem
965 2592 1078 2684 posito
1100 2593 1134 2662 iu

163 2728 308 2800 gypsum
333 2703 525 2773 contritum.
583 2703 823 2793 Experimeuta
848 2727 869 2774 a
894 2705 982 2773 doct.
1008 2707 1074 2773 Suu
1100 2707 1134 2774 in

164 2816 361 2890 animalibus
386 2815 557 2898 instituta,
585 2814 706 2909 quibus
732 2825 833 2907 caput
849 2815 1056 2908 galbnaginis
1074 2839 1136 2908 per

166 2935 182 3001 1
218 2930 319 3010 min,
350 2928 493 3021 gallinae
525 2929 656 2999 indicae
685 2929 724 3013 l}
753 2927 853 3009 min,
889 2929 962 2998 ovis
989 2930 1133 3010 2miu.,

162 3055 195 3114 et
228 3043 331 3114 vitelb
363 3043 410 3136 6}
440 3042 521 3112 min.
547 3042 643 3134 signa
667 3040 780 3111 vitalia
805 3041 1045 3125 ostendebant,
1078 3067 1136 3112 re-

165 3158 330 3229 actionem
365 3155 501 3226 vitalem
525 3164 644 3224 eontra
669 3153 841 3223 stimulum
865 3155 1050 3226 irritantem
1076 3157 1136 3226 de-

161 3280 369 3350 monstrant,
403 3268 463 3338 sed
495 3264 693 3336 nullomodo
727 3265 830 3336 vitam
856 3289 933 3334 cum
958 3269 1135 3336 conscien-

164 3384 211 3454 tia
229 3383 439 3452 existentem.
489 3379 528 3449 ld
545 3400 682 3472 quoque
695 3377 928 3448 confirmatum
940 3378 1009 3448 ridi
1024 3378 1058 3448 in
1073 3403 1136 3449 cu-

164 3495 298 3578 niculis,
323 3516 470 3588 quorum
493 3493 601 3584 capita
622 3501 702 3584 post
718 3489 863 3561 subitam
880 3490 1136 3562 decollationem

164 3609 277 3679 statim
308 3607 343 3677 in
376 3627 520 3700 gypsum
553 3604 735 3674 contritum
758 3605 878 3696 posui,
912 3612 950 3675 ut
973 3603 1135 3675 haemor-

162 3722 315 3814 rbagiam
337 3720 559 3812 impedirem,
585 3727 618 3787 et
644 3739 732 3810 quae
757 3718 853 3810 sigua
877 3718 990 3789 vitalia
1016 3729 1134 3789 osten-

163 3833 283 3905 derunt
308 3857 370 3927 per
400 3835 415 3902 1
445 3830 525 3902 min.
550 3831 600 3900 23
625 3853 710 3910 sec,
753 3831 769 3898 1
800 3830 878 3900 min.
905 3833 977 3911 35,
1007 3833 1023 3900 1
1052 3834 1134 3902 urin.

162 3947 228 4030 38,
259 3951 273 4018 1
302 3947 383 4017 min.
409 3948 476 4028 12,
515 3947 530 4014 1
560 3944 641 4014 min.
668 3945 716 4014 17
743 3965 828 4026 see,
856 3943 871 4012 1
901 3943 981 4013 min.
1001 3947 1043 4013 51
1066 3968 1133 4015 sec.

209 4061 287 4130 Duo
312 4060 453 4144 borum,
487 4057 662 4132 machinali
687 4057 808 4137 modo,
839 4079 937 4126 aures
963 4057 1135 4149 erigebant

167 4175 278 4254 15-22
292 4197 365 4256 sec,
391 4184 470 4267 post
488 4170 778 4263 decapitationem.
819 4168 934 4250 Quum
948 4172 1038 4239 ferro
1052 4191 1134 4238 cau-
