<?xml version="1.0" encoding="UTF-8"?>
<!DOCTYPE html PUBLIC "-//W3C//DTD XHTML 1.0 Transitional//EN"
    "http://www.w3.org/TR/xhtml1/DTD/xhtml1-transitional.dtd">
<html xmlns="http://www.w3.org/1999/xhtml" xml:lang="en" lang="en">
 <head>
  <title>
</title>
<meta http-equiv="Content-Type" content="text/html;charset=utf-8" />
  <meta name='ocr-system' content='tesseract 3.04.00' />
  <meta name='ocr-capabilities' content='ocr_page ocr_carea ocr_par ocr_line ocrx_word'/>
</head>
<body>
  <div class='ocr_page' id='page_1' title='image "./depoenis00noltgoog_0051.png"; bbox 0 0 2926 5034; ppageno 0'>
   <div class='ocr_carea' id='block_1_1' title="bbox 586 483 699 584">
    <p class='ocr_par' dir='ltr' id='par_1_1' title="bbox 586 483 699 584">
     <span class='ocr_line' id='line_1_1' title="bbox 586 483 699 584; baseline -0.027 1"><span class='ocrx_word' id='word_1_1' title='bbox 586 483 699 584; x_wconf 65' lang='lat'><strong>&#39;37</strong></span> 
     </span>
    </p>
   </div>
   <div class='ocr_carea' id='block_1_2' title="bbox 130 692 1162 3494">
    <p class='ocr_par' dir='ltr' id='par_1_2' title="bbox 130 692 1156 899">
     <span class='ocr_line' id='line_1_2' title="bbox 130 692 1156 794; baseline -0.002 -34"><span class='ocrx_word' id='word_1_2' title='bbox 130 702 137 718; x_wconf 72' lang='lat'>⁴</span> <span class='ocrx_word' id='word_1_3' title='bbox 187 692 326 760; x_wconf 88' lang='lat' dir='ltr'><strong>diversis</strong></span> <span class='ocrx_word' id='word_1_4' title='bbox 361 714 444 786; x_wconf 91' lang='lat' dir='ltr'><strong>quas</strong></span> <span class='ocrx_word' id='word_1_5' title='bbox 479 695 622 764; x_wconf 88' lang='lat' dir='ltr'><strong>societas</strong></span> <span class='ocrx_word' id='word_1_6' title='bbox 657 715 817 794; x_wconf 83' lang='lat' dir='ltr'><strong>exercere</strong></span> <span class='ocrx_word' id='word_1_7' title='bbox 852 693 973 774; x_wconf 90' lang='lat' dir='ltr'><strong>debet,</strong></span> <span class='ocrx_word' id='word_1_8' title='bbox 1013 703 1046 762; x_wconf 91' lang='lat' dir='ltr'><strong>et</strong></span> <span class='ocrx_word' id='word_1_9' title='bbox 1070 714 1156 785; x_wconf 88' lang='lat' dir='ltr'><strong>quac</strong></span> 
     </span>
     <span class='ocr_line' id='line_1_3' title="bbox 186 805 1056 899; baseline 0.002 -27"><span class='ocrx_word' id='word_1_10' title='bbox 186 826 369 898; x_wconf 86' lang='lat' dir='ltr'><strong>numquam</strong></span> <span class='ocrx_word' id='word_1_11' title='bbox 394 805 589 876; x_wconf 86' lang='lat' dir='ltr'><strong>attributum</strong></span> <span class='ocrx_word' id='word_1_12' title='bbox 614 806 777 878; x_wconf 83' lang='lat' dir='ltr'>individui</span> <span class='ocrx_word' id='word_1_13' title='bbox 803 827 877 876; x_wconf 90' lang='lat' dir='ltr'><strong>csse</strong></span> <span class='ocrx_word' id='word_1_14' title='bbox 901 815 1056 899; x_wconf 84' lang='lat' dir='ltr'><strong>possunt.</strong></span> 
     </span>
    </p>

    <p class='ocr_par' dir='ltr' id='par_1_3' title="bbox 190 915 1160 1234">
     <span class='ocr_line' id='line_1_4' title="bbox 235 915 1156 1012; baseline 0 -28"><span class='ocrx_word' id='word_1_15' title='bbox 235 915 386 986; x_wconf 73' lang='lat' dir='ltr'>Societas</span> <span class='ocrx_word' id='word_1_16' title='bbox 415 917 495 1010; x_wconf 85' lang='lat' dir='ltr'><strong>jura</strong></span> <span class='ocrx_word' id='word_1_17' title='bbox 527 942 571 988; x_wconf 84' lang='lat' dir='ltr'><strong>ex</strong></span> <span class='ocrx_word' id='word_1_18' title='bbox 605 939 641 988; x_wconf 89' lang='lat' dir='ltr'><strong>se</strong></span> <span class='ocrx_word' id='word_1_19' title='bbox 674 920 749 1012; x_wconf 91' lang='lat' dir='ltr'><strong>ipsa</strong></span> <span class='ocrx_word' id='word_1_20' title='bbox 782 918 946 1010; x_wconf 80' lang='lat' dir='ltr'>acquirit,</span> <span class='ocrx_word' id='word_1_21' title='bbox 989 927 1022 988; x_wconf 89' lang='lat' dir='ltr'><strong>et</strong></span> <span class='ocrx_word' id='word_1_22' title='bbox 1057 937 1156 986; x_wconf 91' lang='lat' dir='ltr'><strong>num-</strong></span> 
     </span>
     <span class='ocr_line' id='line_1_5' title="bbox 190 1028 1160 1126; baseline -0.004 -26"><span class='ocrx_word' id='word_1_23' title='bbox 190 1051 292 1120; x_wconf 87' lang='lat' dir='ltr'><strong>quam</strong></span> <span class='ocrx_word' id='word_1_24' title='bbox 334 1037 514 1099; x_wconf 83' lang='lat' dir='ltr'><strong>exsecutor</strong></span> <span class='ocrx_word' id='word_1_25' title='bbox 555 1031 748 1102; x_wconf 72' lang='lat' dir='ltr'><strong>collectivus</strong></span> <span class='ocrx_word' id='word_1_26' title='bbox 785 1030 913 1126; x_wconf 90' lang='lat' dir='ltr'><strong>jurium</strong></span> <span class='ocrx_word' id='word_1_27' title='bbox 951 1028 1160 1121; x_wconf 86' lang='lat' dir='ltr'><strong>singulorum</strong></span> 
     </span>
     <span class='ocr_line' id='line_1_6' title="bbox 190 1151 411 1234; baseline 0.018 -26"><span class='ocrx_word' id='word_1_28' title='bbox 190 1161 264 1211; x_wconf 90' lang='lat' dir='ltr'><strong>esse</strong></span> <span class='ocrx_word' id='word_1_29' title='bbox 288 1151 411 1234; x_wconf 89' lang='lat' dir='ltr'><strong>potest.</strong></span> 
     </span>
    </p>

    <p class='ocr_par' dir='ltr' id='par_1_4' title="bbox 186 1248 1162 3035">
     <span class='ocr_line' id='line_1_7' title="bbox 241 1248 1159 1346; baseline -0.008 -22"><span class='ocrx_word' id='word_1_30' title='bbox 241 1255 486 1326; x_wconf 83' lang='lat' dir='ltr'><strong>Sustinentibus</strong></span> <span class='ocrx_word' id='word_1_31' title='bbox 511 1277 614 1338; x_wconf 89' lang='lat' dir='ltr'><strong>vero,</strong></span> <span class='ocrx_word' id='word_1_32' title='bbox 639 1255 811 1326; x_wconf 89' lang='lat' dir='ltr'><strong>hominem</strong></span> <span class='ocrx_word' id='word_1_33' title='bbox 827 1273 1011 1346; x_wconf 79' lang='lat' dir='ltr'><strong>numquam</strong></span> <span class='ocrx_word' id='word_1_34' title='bbox 1023 1251 1079 1344; x_wconf 89' lang='lat' dir='ltr'><strong>jus</strong></span> <span class='ocrx_word' id='word_1_35' title='bbox 1096 1248 1159 1318; x_wconf 89' lang='lat' dir='ltr'><strong>ha-</strong></span> 
     </span>
     <span class='ocr_line' id='line_1_8' title="bbox 186 1362 1158 1448; baseline -0.004 -14"><span class='ocrx_word' id='word_1_36' title='bbox 186 1365 267 1436; x_wconf 87' lang='lat' dir='ltr'><strong>here</strong></span> <span class='ocrx_word' id='word_1_37' title='bbox 291 1367 327 1435; x_wconf 93' lang='lat' dir='ltr'><strong>in</strong></span> <span class='ocrx_word' id='word_1_38' title='bbox 351 1367 456 1438; x_wconf 86' lang='lat' dir='ltr'><strong>vitam</strong></span> <span class='ocrx_word' id='word_1_39' title='bbox 480 1367 642 1448; x_wconf 89' lang='lat' dir='ltr'><strong>aliorum,</strong></span> <span class='ocrx_word' id='word_1_40' title='bbox 667 1366 732 1436; x_wconf 91' lang='lat' dir='ltr'><strong>nisi</strong></span> <span class='ocrx_word' id='word_1_41' title='bbox 755 1366 790 1435; x_wconf 92' lang='lat' dir='ltr'><strong>in</strong></span> <span class='ocrx_word' id='word_1_42' title='bbox 807 1365 876 1435; x_wconf 89' lang='lat' dir='ltr'><strong>vita</strong></span> <span class='ocrx_word' id='word_1_43' title='bbox 893 1385 955 1436; x_wconf 90' lang='lat' dir='ltr'><strong>sua</strong></span> <span class='ocrx_word' id='word_1_44' title='bbox 976 1362 1158 1433; x_wconf 91' lang='lat' dir='ltr'><strong>delenden·</strong></span> 
     </span>
     <span class='ocr_line' id='line_1_9' title="bbox 189 1473 1160 1571; baseline -0.005 -25"><span class='ocrx_word' id='word_1_45' title='bbox 189 1477 257 1557; x_wconf 87' lang='lat' dir='ltr'><strong>da,</strong></span> <span class='ocrx_word' id='word_1_46' title='bbox 295 1473 400 1570; x_wconf 83' lang='lat' dir='ltr'><strong>(quod</strong></span> <span class='ocrx_word' id='word_1_47' title='bbox 432 1500 617 1571; x_wconf 80' lang='lat' dir='ltr'><strong>numquam</strong></span> <span class='ocrx_word' id='word_1_48' title='bbox 648 1479 762 1549; x_wconf 90' lang='lat' dir='ltr'><strong>locum</strong></span> <span class='ocrx_word' id='word_1_49' title='bbox 787 1477 913 1548; x_wconf 87' lang='lat' dir='ltr'><strong>habere</strong></span> <span class='ocrx_word' id='word_1_50' title='bbox 938 1476 973 1546; x_wconf 91' lang='lat' dir='ltr'><strong>in</strong></span> <span class='ocrx_word' id='word_1_51' title='bbox 999 1473 1160 1545; x_wconf 88' lang='lat' dir='ltr'><strong>societate</strong></span> 
     </span>
     <span class='ocr_line' id='line_1_10' title="bbox 188 1585 1160 1683; baseline -0.005 -25"><span class='ocrx_word' id='word_1_52' title='bbox 188 1597 325 1682; x_wconf 89' lang='lat' dir='ltr'><strong>potest,</strong></span> <span class='ocrx_word' id='word_1_53' title='bbox 369 1590 530 1683; x_wconf 91' lang='lat' dir='ltr'><strong>qnoniam</strong></span> <span class='ocrx_word' id='word_1_54' title='bbox 571 1591 769 1662; x_wconf 89' lang='lat' dir='ltr'><strong>nullomodo</strong></span> <span class='ocrx_word' id='word_1_55' title='bbox 805 1589 986 1662; x_wconf 80' lang='lat' dir='ltr'><strong>existentia</strong></span> <span class='ocrx_word' id='word_1_56' title='bbox 1019 1587 1091 1658; x_wconf 89' lang='lat' dir='ltr'><strong>eius</strong></span> <span class='ocrx_word' id='word_1_57' title='bbox 1124 1585 1160 1654; x_wconf 91' lang='lat' dir='ltr'><strong>in</strong></span> 
     </span>
     <span class='ocr_line' id='line_1_11' title="bbox 190 1699 1160 1798; baseline -0.005 -26"><span class='ocrx_word' id='word_1_58' title='bbox 190 1703 327 1795; x_wconf 90' lang='lat' dir='ltr'><strong>singulis</strong></span> <span class='ocrx_word' id='word_1_59' title='bbox 365 1703 556 1773; x_wconf 91' lang='lat' dir='ltr'><strong>hominihus</strong></span> <span class='ocrx_word' id='word_1_60' title='bbox 582 1704 762 1797; x_wconf 88' lang='lat' dir='ltr'><strong>periclitari</strong></span> <span class='ocrx_word' id='word_1_61' title='bbox 787 1702 932 1798; x_wconf 83' lang='lat' dir='ltr'><strong>potest),</strong></span> <span class='ocrx_word' id='word_1_62' title='bbox 970 1699 1160 1792; x_wconf 89' lang='lat' dir='ltr'><strong>responde·-</strong></span> 
     </span>
     <span class='ocr_line' id='line_1_12' title="bbox 187 1809 1158 1911; baseline -0.007 -25"><span class='ocrx_word' id='word_1_63' title='bbox 187 1837 280 1886; x_wconf 90' lang='lat' dir='ltr'><strong>mus:</strong></span> <span class='ocrx_word' id='word_1_64' title='bbox 305 1814 439 1884; x_wconf 90' lang='lat' dir='ltr'><strong>Directe</strong></span> <span class='ocrx_word' id='word_1_65' title='bbox 465 1825 558 1886; x_wconf 90' lang='lat' dir='ltr'><strong>certo</strong></span> <span class='ocrx_word' id='word_1_66' title='bbox 583 1839 767 1911; x_wconf 90' lang='lat' dir='ltr'><strong>numquam</strong></span> <span class='ocrx_word' id='word_1_67' title='bbox 791 1817 827 1886; x_wconf 93' lang='lat' dir='ltr'><strong>in</strong></span> <span class='ocrx_word' id='word_1_68' title='bbox 842 1815 979 1886; x_wconf 87' lang='lat' dir='ltr'><strong>homine</strong></span> <span class='ocrx_word' id='word_1_69' title='bbox 997 1809 1158 1904; x_wconf 85' lang='lat' dir='ltr'><strong>singulari</strong></span> 
     </span>
     <span class='ocr_line' id='line_1_13' title="bbox 189 1922 1158 2020; baseline -0.008 -22"><span class='ocrx_word' id='word_1_70' title='bbox 189 1929 333 1999; x_wconf 84' lang='lat' dir='ltr'><strong>societas</strong></span> <span class='ocrx_word' id='word_1_71' title='bbox 370 1928 569 2020; x_wconf 88' lang='lat' dir='ltr'><strong>periclitari,</strong></span> <span class='ocrx_word' id='word_1_72' title='bbox 620 1929 679 1998; x_wconf 92' lang='lat' dir='ltr'><strong>sed</strong></span> <span class='ocrx_word' id='word_1_73' title='bbox 719 1928 900 2020; x_wconf 87' lang='lat' dir='ltr'><strong>impunitas</strong></span> <span class='ocrx_word' id='word_1_74' title='bbox 944 1934 978 1994; x_wconf 90' lang='lat' dir='ltr'><strong>et</strong></span> <span class='ocrx_word' id='word_1_75' title='bbox 1018 1922 1158 1994; x_wconf 88' lang='lat' dir='ltr'><strong>violatio</strong></span> 
     </span>
     <span class='ocr_line' id='line_1_14' title="bbox 189 2033 1160 2134; baseline -0.011 -22"><span class='ocrx_word' id='word_1_76' title='bbox 189 2042 322 2134; x_wconf 88' lang='lat' dir='ltr'><strong>saepius</strong></span> <span class='ocrx_word' id='word_1_77' title='bbox 347 2042 467 2112; x_wconf 90' lang='lat' dir='ltr'><strong>iterata</strong></span> <span class='ocrx_word' id='word_1_78' title='bbox 489 2041 621 2133; x_wconf 85' lang='lat' dir='ltr'><strong>legum,</strong></span> <span class='ocrx_word' id='word_1_79' title='bbox 646 2041 807 2111; x_wconf 89' lang='lat' dir='ltr'><strong>indirecte</strong></span> <span class='ocrx_word' id='word_1_80' title='bbox 833 2048 867 2110; x_wconf 92' lang='lat' dir='ltr'><strong>et</strong></span> <span class='ocrx_word' id='word_1_81' title='bbox 890 2061 955 2131; x_wconf 94' lang='lat' dir='ltr'><strong>pro</strong></span> <span class='ocrx_word' id='word_1_82' title='bbox 981 2044 1076 2129; x_wconf 89' lang='lat' dir='ltr'><strong>parte</strong></span> <span class='ocrx_word' id='word_1_83' title='bbox 1093 2033 1160 2102; x_wconf 93' lang='lat' dir='ltr'><strong>hoc</strong></span> 
     </span>
     <span class='ocr_line' id='line_1_15' title="bbox 191 2144 1162 2246; baseline -0.008 -24"><span class='ocrx_word' id='word_1_84' title='bbox 191 2153 377 2244; x_wconf 90' lang='lat' dir='ltr'><strong>periculum</strong></span> <span class='ocrx_word' id='word_1_85' title='bbox 411 2153 529 2222; x_wconf 87' lang='lat' dir='ltr'><strong>afferre</strong></span> <span class='ocrx_word' id='word_1_86' title='bbox 559 2163 682 2244; x_wconf 90' lang='lat' dir='ltr'><strong>potest.</strong></span> <span class='ocrx_word' id='word_1_87' title='bbox 731 2154 920 2246; x_wconf 88' lang='lat' dir='ltr'><strong>Legislator</strong></span> <span class='ocrx_word' id='word_1_88' title='bbox 945 2149 1044 2220; x_wconf 86' lang='lat' dir='ltr'><strong>dehet</strong></span> <span class='ocrx_word' id='word_1_89' title='bbox 1069 2144 1162 2217; x_wconf 92' lang='lat' dir='ltr'><strong>omni</strong></span> 
     </span>
     <span class='ocr_line' id='line_1_16' title="bbox 190 2261 1160 2356; baseline -0.004 -23"><span class='ocrx_word' id='word_1_90' title='bbox 190 2265 295 2334; x_wconf 90' lang='lat' dir='ltr'><strong>modo</strong></span> <span class='ocrx_word' id='word_1_91' title='bbox 338 2263 549 2332; x_wconf 82' lang='lat' dir='ltr'><strong>existentiam</strong></span> <span class='ocrx_word' id='word_1_92' title='bbox 592 2274 626 2334; x_wconf 89' lang='lat' dir='ltr'><strong>ct</strong></span> <span class='ocrx_word' id='word_1_93' title='bbox 659 2263 807 2356; x_wconf 89' lang='lat' dir='ltr'><strong>quietem</strong></span> <span class='ocrx_word' id='word_1_94' title='bbox 841 2263 1010 2334; x_wconf 88' lang='lat' dir='ltr'><strong>societatis</strong></span> <span class='ocrx_word' id='word_1_95' title='bbox 1044 2261 1160 2331; x_wconf 85' lang='lat' dir='ltr'><strong>firma-</strong></span> 
     </span>
     <span class='ocr_line' id='line_1_17' title="bbox 190 2374 1159 2468; baseline -0.009 -22"><span class='ocrx_word' id='word_1_96' title='bbox 190 2399 252 2460; x_wconf 84' lang='lat' dir='ltr'><strong>re,</strong></span> <span class='ocrx_word' id='word_1_97' title='bbox 295 2384 329 2446; x_wconf 89' lang='lat' dir='ltr'><strong>et</strong></span> <span class='ocrx_word' id='word_1_98' title='bbox 362 2396 479 2444; x_wconf 88' lang='lat' dir='ltr'><strong>omnes</strong></span> <span class='ocrx_word' id='word_1_99' title='bbox 516 2374 599 2445; x_wconf 86' lang='lat' dir='ltr'><strong>fines</strong></span> <span class='ocrx_word' id='word_1_100' title='bbox 624 2375 828 2457; x_wconf 88' lang='lat' dir='ltr'><strong>rationales,</strong></span> <span class='ocrx_word' id='word_1_101' title='bbox 866 2375 925 2468; x_wconf 94' lang='lat' dir='ltr'><strong>qui</strong></span> <span class='ocrx_word' id='word_1_102' title='bbox 952 2394 1058 2463; x_wconf 91' lang='lat' dir='ltr'><strong>scopo</strong></span> <span class='ocrx_word' id='word_1_103' title='bbox 1084 2393 1159 2438; x_wconf 90' lang='lat' dir='ltr'><strong>res-</strong></span> 
     </span>
     <span class='ocr_line' id='line_1_18' title="bbox 191 2484 1160 2581; baseline -0.008 -23"><span class='ocrx_word' id='word_1_104' title='bbox 191 2488 343 2581; x_wconf 90' lang='lat' dir='ltr'><strong>pondent</strong></span> <span class='ocrx_word' id='word_1_105' title='bbox 377 2497 410 2558; x_wconf 92' lang='lat' dir='ltr'><strong>et</strong></span> <span class='ocrx_word' id='word_1_106' title='bbox 442 2489 623 2560; x_wconf 90' lang='lat' dir='ltr'><strong>necessarii</strong></span> <span class='ocrx_word' id='word_1_107' title='bbox 655 2497 751 2570; x_wconf 87' lang='lat' dir='ltr'><strong>sunt,</strong></span> <span class='ocrx_word' id='word_1_108' title='bbox 794 2487 974 2569; x_wconf 90' lang='lat' dir='ltr'><strong>adhibere,</strong></span> <span class='ocrx_word' id='word_1_109' title='bbox 1009 2484 1051 2555; x_wconf 89' lang='lat' dir='ltr'><strong>ad</strong></span> <span class='ocrx_word' id='word_1_110' title='bbox 1085 2503 1160 2552; x_wconf 90' lang='lat' dir='ltr'><strong>cam</strong></span> 
     </span>
     <span class='ocr_line' id='line_1_19' title="bbox 191 2601 1160 2693; baseline -0.009 -21"><span class='ocrx_word' id='word_1_111' title='bbox 191 2601 442 2672; x_wconf 82' lang='lat' dir='ltr'><strong>defendendam.</strong></span> <span class='ocrx_word' id='word_1_112' title='bbox 502 2602 617 2684; x_wconf 83' lang='lat' dir='ltr'><strong>Quum</strong></span> <span class='ocrx_word' id='word_1_113' title='bbox 642 2602 867 2693; x_wconf 85' lang='lat' dir='ltr'><strong>comperimus</strong></span> <span class='ocrx_word' id='word_1_114' title='bbox 892 2621 1039 2692; x_wconf 91' lang='lat' dir='ltr'><strong>poenam</strong></span> <span class='ocrx_word' id='word_1_115' title='bbox 1064 2616 1160 2666; x_wconf 93' lang='lat' dir='ltr'><strong>mor-</strong></span> 
     </span>
     <span class='ocr_line' id='line_1_20' title="bbox 191 2711 1161 2804; baseline -0.008 -21"><span class='ocrx_word' id='word_1_116' title='bbox 191 2715 233 2783; x_wconf 91' lang='lat' dir='ltr'><strong>tis</strong></span> <span class='ocrx_word' id='word_1_117' title='bbox 266 2713 491 2783; x_wconf 88' lang='lat' dir='ltr'><strong>necessariam</strong></span> <span class='ocrx_word' id='word_1_118' title='bbox 524 2735 617 2792; x_wconf 87' lang='lat' dir='ltr'><strong>esse,</strong></span> <span class='ocrx_word' id='word_1_119' title='bbox 653 2736 763 2804; x_wconf 88' lang='lat' dir='ltr'><strong>neque</strong></span> <span class='ocrx_word' id='word_1_120' title='bbox 789 2713 820 2780; x_wconf 89' lang='lat' dir='ltr'><strong>ei</strong></span> <span class='ocrx_word' id='word_1_121' title='bbox 844 2713 943 2802; x_wconf 87' lang='lat' dir='ltr'><strong>plane</strong></span> <span class='ocrx_word' id='word_1_122' title='bbox 968 2711 1049 2778; x_wconf 90' lang='lat' dir='ltr'><strong>alias</strong></span> <span class='ocrx_word' id='word_1_123' title='bbox 1074 2730 1161 2799; x_wconf 93' lang='lat' dir='ltr'><strong>poe-</strong></span> 
     </span>
     <span class='ocr_line' id='line_1_21' title="bbox 190 2821 1162 2920; baseline -0.01 -24"><span class='ocrx_word' id='word_1_124' title='bbox 190 2849 252 2896; x_wconf 90' lang='lat' dir='ltr'><strong>nas</strong></span> <span class='ocrx_word' id='word_1_125' title='bbox 278 2825 434 2896; x_wconf 85' lang='lat' dir='ltr'><strong>substitui</strong></span> <span class='ocrx_word' id='word_1_126' title='bbox 457 2846 582 2918; x_wconf 85' lang='lat' dir='ltr'><strong>posse,</strong></span> <span class='ocrx_word' id='word_1_127' title='bbox 608 2821 669 2918; x_wconf 82' lang='lat' dir='ltr'><strong>(cf.</strong></span> <span class='ocrx_word' id='word_1_128' title='bbox 695 2821 811 2920; x_wconf 87' lang='lat' dir='ltr'><strong>infra),</strong></span> <span class='ocrx_word' id='word_1_129' title='bbox 845 2830 917 2894; x_wconf 88' lang='lat' dir='ltr'><strong>tum</strong></span> <span class='ocrx_word' id='word_1_130' title='bbox 941 2821 1025 2891; x_wconf 89' lang='lat' dir='ltr'><strong>haec</strong></span> <span class='ocrx_word' id='word_1_131' title='bbox 1050 2840 1162 2910; x_wconf 88' lang='lat' dir='ltr'><strong>poena</strong></span> 
     </span>
     <span class='ocr_line' id='line_1_22' title="bbox 188 2936 972 3035; baseline -0.006 -26"><span class='ocrx_word' id='word_1_132' title='bbox 188 2940 281 3035; x_wconf 88' lang='lat' dir='ltr'><strong>justa</strong></span> <span class='ocrx_word' id='word_1_133' title='bbox 305 2947 339 3008; x_wconf 88' lang='lat' dir='ltr'><strong>et</strong></span> <span class='ocrx_word' id='word_1_134' title='bbox 364 2937 516 3010; x_wconf 85' lang='lat' dir='ltr'><strong>societati</strong></span> <span class='ocrx_word' id='word_1_135' title='bbox 540 2937 652 3021; x_wconf 91' lang='lat' dir='ltr'><strong>licita,</strong></span> <span class='ocrx_word' id='word_1_136' title='bbox 687 2936 886 3008; x_wconf 87' lang='lat' dir='ltr'><strong>declaranda</strong></span> <span class='ocrx_word' id='word_1_137' title='bbox 910 2943 972 3006; x_wconf 88' lang='lat' dir='ltr'><strong>est.</strong></span> 
     </span>
    </p>

    <p class='ocr_par' dir='ltr' id='par_1_5' title="bbox 193 3037 1161 3256">
     <span class='ocr_line' id='line_1_23' title="bbox 242 3037 1161 3146; baseline -0.011 -24"><span class='ocrx_word' id='word_1_138' title='bbox 242 3052 346 3136; x_wconf 89' lang='lat' dir='ltr'><strong>Quod</strong></span> <span class='ocrx_word' id='word_1_139' title='bbox 380 3051 480 3124; x_wconf 91' lang='lat' dir='ltr'><strong>etiam</strong></span> <span class='ocrx_word' id='word_1_140' title='bbox 515 3053 668 3134; x_wconf 85' lang='lat' dir='ltr'><strong>Gurzor,</strong></span> <span class='ocrx_word' id='word_1_141' title='bbox 690 3037 912 3146; x_wconf 86' lang='lat' dir='ltr'><strong>¹quamquam</strong></span> <span class='ocrx_word' id='word_1_142' title='bbox 945 3043 1161 3139; x_wconf 88' lang='lat' dir='ltr'><strong>caeteroquin</strong></span> 
     </span>
     <span class='ocr_line' id='line_1_24' title="bbox 193 3157 1074 3256; baseline -0.009 -20"><span class='ocrx_word' id='word_1_143' title='bbox 193 3164 404 3236; x_wconf 86' lang='lat' dir='ltr'><strong>adversarius</strong></span> <span class='ocrx_word' id='word_1_144' title='bbox 428 3186 559 3256; x_wconf 86' lang='lat' dir='ltr'><strong>poenae</strong></span> <span class='ocrx_word' id='word_1_145' title='bbox 584 3163 726 3244; x_wconf 91' lang='lat' dir='ltr'><strong>mortis,</strong></span> <span class='ocrx_word' id='word_1_146' title='bbox 760 3161 993 3232; x_wconf 85' lang='lat' dir='ltr'><strong>animadvertit</strong></span> <span class='ocrx_word' id='word_1_147' title='bbox 1017 3157 1074 3252; x_wconf 85' lang='lat'><strong>(1).</strong></span> 
     </span>
    </p>

    <p class='ocr_par' dir='ltr' id='par_1_6' title="bbox 192 3271 1162 3494">
     <span class='ocr_line' id='line_1_25' title="bbox 240 3271 1162 3369; baseline -0.013 -20"><span class='ocrx_word' id='word_1_148' title='bbox 240 3281 352 3349; x_wconf 74' lang='lat' dir='ltr'><strong>Lucas</strong></span> <span class='ocrx_word' id='word_1_149' title='bbox 386 3278 407 3346; x_wconf 98' lang='lat' dir='ltr'><strong>l.</strong></span> <span class='ocrx_word' id='word_1_150' title='bbox 425 3278 446 3346; x_wconf 97' lang='lat' dir='ltr'><strong>l.</strong></span> <span class='ocrx_word' id='word_1_151' title='bbox 480 3300 558 3369; x_wconf 85' lang='lat' dir='ltr'><strong>pag.</strong></span> <span class='ocrx_word' id='word_1_152' title='bbox 585 3279 652 3357; x_wconf 87' lang='grc'><strong>67,</strong></span> <span class='ocrx_word' id='word_1_153' title='bbox 686 3275 846 3356; x_wconf 89' lang='lat' dir='ltr'><strong>sustinet,</strong></span> <span class='ocrx_word' id='word_1_154' title='bbox 884 3273 1037 3343; x_wconf 88' lang='lat' dir='ltr'><strong>societati</strong></span> <span class='ocrx_word' id='word_1_155' title='bbox 1061 3271 1162 3340; x_wconf 90' lang='lat' dir='ltr'><strong>licere</strong></span> 
     </span>
     <span class='ocr_line' id='line_1_26' title="bbox 192 3382 1161 3494; baseline -0.008 -35"><span class='ocrx_word' id='word_1_156' title='bbox 192 3412 339 3484; x_wconf 90' lang='lat' dir='ltr'><strong>poenam</strong></span> <span class='ocrx_word' id='word_1_157' title='bbox 379 3389 498 3458; x_wconf 88' lang='lat' dir='ltr'><strong>mortis</strong></span> <span class='ocrx_word' id='word_1_158' title='bbox 523 3387 697 3494; x_wconf 28' lang='lat' dir='ltr'><strong>&#39;adhibere</strong></span> <span class='ocrx_word' id='word_1_159' title='bbox 740 3386 775 3456; x_wconf 95' lang='lat' dir='ltr'><strong>in</strong></span> <span class='ocrx_word' id='word_1_160' title='bbox 817 3385 958 3478; x_wconf 82' lang='lat' dir='ltr'><strong>gratiam</strong></span> <span class='ocrx_word' id='word_1_161' title='bbox 992 3382 1161 3479; x_wconf 87' lang='lat' dir='ltr'><strong>justitiae,</strong></span> 
     </span>
    </p>
   </div>
   <div class='ocr_carea' id='block_1_3' title="bbox 119 3734 1164 4267">
    <p class='ocr_par' dir='ltr' id='par_1_7' title="bbox 119 3734 1164 4267">
     <span class='ocr_line' id='line_1_27' title="bbox 119 3734 1162 3818; baseline -0.002 -21"><span class='ocrx_word' id='word_1_162' title='bbox 119 3810 122 3817; x_wconf 31' lang='grc' dir='ltr'>Ι</span> <span class='ocrx_word' id='word_1_163' title='bbox 231 3740 282 3818; x_wconf 86' lang='lat' dir='ltr'><strong>(l)</strong></span> <span class='ocrx_word' id='word_1_164' title='bbox 310 3739 425 3798; x_wconf 80' lang='lat' dir='ltr'><strong>Gurzor.</strong></span> <span class='ocrx_word' id='word_1_165' title='bbox 484 3739 526 3797; x_wconf 81' lang='lat' dir='ltr'><strong>Gi.</strong></span> <span class='ocrx_word' id='word_1_166' title='bbox 561 3738 807 3796; x_wconf 76' lang='lat' dir='ltr'><strong>t&#39;omtitutionnct</strong></span> <span class='ocrx_word' id='word_1_167' title='bbox 833 3738 917 3796; x_wconf 73' lang='lat' dir='ltr'><strong>Acce</strong></span> <span class='ocrx_word' id='word_1_168' title='bbox 949 3734 1032 3794; x_wconf 80' lang='lat'><strong>1822.</strong></span> <span class='ocrx_word' id='word_1_169' title='bbox 1085 3757 1100 3790; x_wconf 82' lang='lat' dir='ltr'><strong>n</strong></span> <span class='ocrx_word' id='word_1_170' title='bbox 1121 3737 1162 3795; x_wconf 82' lang='lat' dir='ltr'><strong>La</strong></span> 
     </span>
     <span class='ocr_line' id='line_1_28' title="bbox 192 3824 1162 3902; baseline -0.002 -16"><span class='ocrx_word' id='word_1_171' title='bbox 192 3853 206 3886; x_wconf 84' lang='lat' dir='ltr'><strong>o</strong></span> <span class='ocrx_word' id='word_1_172' title='bbox 226 3835 327 3888; x_wconf 75' lang='lat' dir='ltr'><strong>socie&#39;td</strong></span> <span class='ocrx_word' id='word_1_173' title='bbox 351 3851 368 3888; x_wconf 88' lang='lat' dir='ltr'><strong>a</strong></span> <span class='ocrx_word' id='word_1_174' title='bbox 395 3831 419 3888; x_wconf 89' lang='lat' dir='ltr'><strong>le</strong></span> <span class='ocrx_word' id='word_1_175' title='bbox 436 3832 511 3886; x_wconf 88' lang='lat' dir='ltr'><strong>droit</strong></span> <span class='ocrx_word' id='word_1_176' title='bbox 531 3842 560 3888; x_wconf 86' lang='lat' dir='ltr'><strong>ct</strong></span> <span class='ocrx_word' id='word_1_177' title='bbox 578 3833 602 3888; x_wconf 89' lang='lat' dir='ltr'><strong>le</strong></span> <span class='ocrx_word' id='word_1_178' title='bbox 621 3833 716 3888; x_wconf 86' lang='lat' dir='ltr'><strong>devoir</strong></span> <span class='ocrx_word' id='word_1_179' title='bbox 734 3832 768 3886; x_wconf 86' lang='lat' dir='ltr'><strong>de</strong></span> <span class='ocrx_word' id='word_1_180' title='bbox 785 3849 813 3885; x_wconf 86' lang='lat' dir='ltr'><strong>se</strong></span> <span class='ocrx_word' id='word_1_181' title='bbox 832 3829 974 3886; x_wconf 75' lang='lat' dir='ltr'><strong>desentire.</strong></span> <span class='ocrx_word' id='word_1_182' title='bbox 1013 3824 1074 3883; x_wconf 84' lang='lat' dir='ltr'><strong>Elle</strong></span> <span class='ocrx_word' id='word_1_183' title='bbox 1093 3840 1162 3902; x_wconf 88' lang='lat' dir='ltr'><strong>peut</strong></span> 
     </span>
     <span class='ocr_line' id='line_1_29' title="bbox 192 3919 1161 3996; baseline -0.004 -18"><span class='ocrx_word' id='word_1_184' title='bbox 192 3943 207 3978; x_wconf 84' lang='lat' dir='ltr'><strong>u</strong></span> <span class='ocrx_word' id='word_1_185' title='bbox 228 3934 256 3978; x_wconf 89' lang='lat' dir='ltr'><strong>et</strong></span> <span class='ocrx_word' id='word_1_186' title='bbox 275 3925 334 3979; x_wconf 87' lang='lat' dir='ltr'><strong>doit</strong></span> <span class='ocrx_word' id='word_1_187' title='bbox 352 3923 421 3988; x_wconf 75' lang='lat' dir='ltr'><strong>faire</strong></span> <span class='ocrx_word' id='word_1_188' title='bbox 440 3931 505 3976; x_wconf 84' lang='lat' dir='ltr'><strong>tout</strong></span> <span class='ocrx_word' id='word_1_189' title='bbox 522 3919 554 3978; x_wconf 79' lang='lat' dir='ltr'><strong>&#39;ce</strong></span> <span class='ocrx_word' id='word_1_190' title='bbox 573 3924 622 3996; x_wconf 91' lang='lat' dir='ltr'><strong>qui</strong></span> <span class='ocrx_word' id='word_1_191' title='bbox 642 3933 683 3976; x_wconf 89' lang='lat' dir='ltr'><strong>est</strong></span> <span class='ocrx_word' id='word_1_192' title='bbox 701 3922 852 3978; x_wconf 78' lang='lat' dir='ltr'><strong>necessaire</strong></span> <span class='ocrx_word' id='word_1_193' title='bbox 873 3927 889 3976; x_wconf 75' lang='lat' dir='ltr'><strong>a</strong></span> <span class='ocrx_word' id='word_1_194' title='bbox 907 3938 937 3976; x_wconf 87' lang='lat' dir='ltr'><strong>sa</strong></span> <span class='ocrx_word' id='word_1_195' title='bbox 957 3923 1161 3976; x_wconf 80' lang='lat' dir='ltr'><strong>conservation.</strong></span> 
     </span>
     <span class='ocr_line' id='line_1_30' title="bbox 193 4007 1164 4087; baseline -0.001 -20"><span class='ocrx_word' id='word_1_196' title='bbox 193 4034 208 4067; x_wconf 86' lang='lat' dir='ltr'><strong>n</strong></span> <span class='ocrx_word' id='word_1_197' title='bbox 229 4011 258 4069; x_wconf 89' lang='lat' dir='ltr'><strong>Si</strong></span> <span class='ocrx_word' id='word_1_198' title='bbox 277 4015 351 4069; x_wconf 91' lang='lat' dir='ltr'><strong>donc</strong></span> <span class='ocrx_word' id='word_1_199' title='bbox 380 4014 432 4069; x_wconf 88' lang='lat' dir='ltr'><strong>elle</strong></span> <span class='ocrx_word' id='word_1_200' title='bbox 460 4032 495 4068; x_wconf 93' lang='lat' dir='ltr'><strong>ne</strong></span> <span class='ocrx_word' id='word_1_201' title='bbox 515 4023 584 4087; x_wconf 86' lang='lat' dir='ltr'><strong>peut</strong></span> <span class='ocrx_word' id='word_1_202' title='bbox 602 4015 678 4067; x_wconf 88' lang='lat' dir='ltr'><strong>vivre</strong></span> <span class='ocrx_word' id='word_1_203' title='bbox 697 4031 752 4086; x_wconf 90' lang='lat' dir='ltr'><strong>qne</strong></span> <span class='ocrx_word' id='word_1_204' title='bbox 771 4027 824 4086; x_wconf 90' lang='lat' dir='ltr'><strong>par</strong></span> <span class='ocrx_word' id='word_1_205' title='bbox 843 4011 870 4066; x_wconf 89' lang='lat' dir='ltr'><strong>la</strong></span> <span class='ocrx_word' id='word_1_206' title='bbox 888 4020 966 4066; x_wconf 85' lang='lat' dir='ltr'><strong>mort</strong></span> <span class='ocrx_word' id='word_1_207' title='bbox 985 4007 1054 4066; x_wconf 85' lang='lat' dir='ltr'><strong>d&#39;un</strong></span> <span class='ocrx_word' id='word_1_208' title='bbox 1073 4017 1111 4064; x_wconf 82' lang='lat' dir='ltr'><strong>orl</strong></span> <span class='ocrx_word' id='word_1_209' title='bbox 1130 4009 1164 4066; x_wconf 91' lang='lat' dir='ltr'><strong>de</strong></span> 
     </span>
     <span class='ocr_line' id='line_1_31' title="bbox 194 4093 1164 4178; baseline -0.005 -18"><span class='ocrx_word' id='word_1_210' title='bbox 194 4123 209 4155; x_wconf 82' lang='lat' dir='ltr'><strong>u</strong></span> <span class='ocrx_word' id='word_1_211' title='bbox 229 4107 366 4178; x_wconf 81' lang='lat' dir='ltr'><strong>plusieurs</strong></span> <span class='ocrx_word' id='word_1_212' title='bbox 385 4093 419 4160; x_wconf 78' lang='lat' dir='ltr'><strong>de</strong></span> <span class='ocrx_word' id='word_1_213' title='bbox 439 4123 481 4160; x_wconf 84' lang='lat' dir='ltr'><strong>ses</strong></span> <span class='ocrx_word' id='word_1_214' title='bbox 500 4103 660 4172; x_wconf 84' lang='lat' dir='ltr'><strong>membres,</strong></span> <span class='ocrx_word' id='word_1_215' title='bbox 689 4105 741 4158; x_wconf 87' lang='lat' dir='ltr'><strong>elle</strong></span> <span class='ocrx_word' id='word_1_216' title='bbox 760 4111 829 4176; x_wconf 89' lang='lat' dir='ltr'><strong>peut</strong></span> <span class='ocrx_word' id='word_1_217' title='bbox 848 4103 941 4176; x_wconf 82' lang='lat' dir='ltr'><strong>exigor</strong></span> <span class='ocrx_word' id='word_1_218' title='bbox 956 4099 1039 4173; x_wconf 87' lang='lat' dir='ltr'><strong>qn&#39;ils</strong></span> <span class='ocrx_word' id='word_1_219' title='bbox 1058 4112 1164 4156; x_wconf 87' lang='lat' dir='ltr'><strong>cessent</strong></span> 
     </span>
     <span class='ocr_line' id='line_1_32' title="bbox 197 4191 893 4267; baseline -0.003 -17"><span class='ocrx_word' id='word_1_220' title='bbox 197 4212 211 4243; x_wconf 82' lang='lat' dir='ltr'><strong>c</strong></span> <span class='ocrx_word' id='word_1_221' title='bbox 232 4193 336 4262; x_wconf 76' lang='lat' dir='ltr'><strong>deme,</strong></span> <span class='ocrx_word' id='word_1_222' title='bbox 355 4213 429 4267; x_wconf 85' lang='lat' dir='ltr'><strong>pour</strong></span> <span class='ocrx_word' id='word_1_223' title='bbox 448 4197 596 4252; x_wconf 76' lang='lat' dir='ltr'><strong>continues</strong></span> <span class='ocrx_word' id='word_1_224' title='bbox 615 4191 703 4250; x_wconf 73' lang='lat' dir='ltr'><strong>d&#39;dtre</strong></span> <span class='ocrx_word' id='word_1_225' title='bbox 724 4192 775 4254; x_wconf 87' lang='lat' dir='ltr'><strong>elle</strong></span> <span class='ocrx_word' id='word_1_226' title='bbox 794 4191 893 4248; x_wconf 81' lang='lat' dir='ltr'><strong>mdme.</strong></span> 
     </span>
    </p>
   </div>
   <div class='ocr_carea' id='block_1_4' title="bbox 0 0 1472 5034">
    <p class='ocr_par' dir='ltr' id='par_1_8' title="bbox 0 0 1472 5034">
     <span class='ocr_line' id='line_1_33' title="bbox 0 0 1472 5034; baseline 0 0"><span class='ocrx_word' id='word_1_227' title='bbox 0 0 1472 5034; x_wconf 95' lang='lat' dir='ltr'><strong> </strong></span> 
     </span>
    </p>
   </div>
  </div>
 </body>
</html>
