2922 5024
787 482 833 551 96

320 665 419 736 dentc
445 665 582 746 oculos,
617 685 735 746 aures,
770 673 803 732 ct
827 685 926 734 nares
952 664 1182 748 simulabam,
1216 675 1293 736 tan·

320 779 497 849 tummodo
521 785 636 847 motus
650 777 881 859 convulsivos,
907 777 1105 847 nullomodo
1120 780 1295 848 conscien-

317 892 364 962 tia
389 901 448 962 aut
473 891 591 961 dolore
618 891 824 983 productos,
851 889 1049 973 observavi,
1076 892 1168 983 quod
1195 892 1295 962 etiam

319 1005 433 1074 locum
466 1002 611 1073 babebat
644 1024 748 1095 quum
781 1002 871 1070 ferro
908 1003 1070 1072 candente
1104 1004 1293 1074 stimulante

319 1138 390 1186 non
424 1116 553 1188 utebar.
612 1117 710 1184 Nunc
743 1113 857 1206 posito
884 1124 985 1206 caput
1011 1125 1202 1186 truncatum
1226 1116 1292 1186 ho-

321 1229 420 1299 minis
463 1229 559 1321 signa
601 1238 659 1298 aut
702 1236 928 1321 symptomata
968 1227 1081 1297 vitalia
1123 1229 1291 1308 edidisse,

321 1339 538 1436 (quamquam
574 1343 700 1423 Zama,
734 1343 903 1412 Marassa
937 1348 971 1409 et
1001 1341 1294 1410 Scumnruumuu

323 1455 382 1548 qui
407 1455 586 1524 adfuerunt
612 1454 851 1546 experimentis
877 1477 898 1524 a
924 1454 1013 1523 doct.
1031 1453 1170 1524 Wnunr
1197 1453 1296 1522 insti-

319 1567 424 1648 tutis,
467 1575 608 1634 eventus
643 1589 730 1657 quos
764 1567 838 1655 ipse
883 1565 1074 1635 declarabat
1113 1566 1294 1635 observas-

319 1701 356 1747 se
390 1687 429 1746 ut
460 1677 562 1746 falsos
596 1673 751 1770 nogant‚)
786 1676 961 1767 quomodo
998 1699 1042 1743 ex
1075 1679 1291 1749 sensibilitate

317 1790 451 1882 capitis,
486 1789 621 1858 stimulo
655 1773 788 1871 adlato,
823 1797 1059 1880 argumentum
1085 1791 1203 1860 efficax
1227 1791 1291 1862 ba-

316 1903 493 1984 beremus,
526 1911 564 1972 ut
594 1903 800 1972 conscicntia
825 1902 877 1970 sui
902 1900 1012 1972 adhuc
1036 1902 1219 1985 existeret,
1255 1914 1290 1972 et

318 2039 390 2086 non
421 2015 564 2108 simplex
589 2015 792 2084 irritabilitas
817 2014 997 2093 naturalis,
1030 2010 1292 2110 (erregbarkeit).

317 2131 460 2197 Hamus
501 2149 565 2196 nos
603 2128 676 2220 jam
715 2126 840 2196 dudum
880 2125 996 2195 docuit
1036 2127 1293 2198 irritabilitatem

319 2237 552 2335 (lleinbarkeit)
588 2262 796 2332 organorum
820 2240 957 2310 minime
984 2239 1095 2310 subito
1122 2265 1200 2310 cum
1225 2240 1295 2312 vita

322 2376 474 2437 cessare,
509 2362 543 2422 et
580 2354 787 2423 reactionem
824 2375 861 2422 se
897 2353 1063 2443 prodere,
1102 2377 1207 2445 quum
1233 2354 1295 2422 sti-

320 2468 419 2538 mulis
454 2468 540 2558 aptis
579 2466 746 2556 erigatnr3
783 2487 869 2554 qnae
901 2464 1089 2532 reactiones
1124 2465 1295 2534 interdum

322 2578 445 2648 similes
484 2584 562 2644 sunt
597 2577 663 2658 iis,
698 2599 785 2670 quae
818 2575 853 2644 in
886 2575 1066 2645 individuis
1103 2576 1294 2647 viventibus

322 2689 527 2761 conscientia
572 2691 733 2783 praeditis
776 2697 897 2780 sponte
936 2691 1188 2782 producuntur;
1232 2690 1293 2760 sed

320 2804 457 2875 minime
494 2803 577 2873 baec
609 2804 736 2872 reaotio
771 2826 979 2893 organorum
1016 2803 1291 2893 perdonationem

320 2917 410 2987 vitae
446 2915 676 2983 intellectualis
714 2914 861 2993 indicat,
899 2937 963 2981 nec
996 2914 1208 2984 existentiam
1238 2917 1292 2985 fa-

322 3024 453 3094 cultatis
509 3023 759 3115 perceptionis,
818 3046 881 3092 nec
936 3023 1175 3094 conscientiam
1230 3027 1294 3095 sui.

321 3138 444 3207 Nonne
477 3136 577 3206 etiam
609 3135 644 3204 in
679 3133 880 3226 corporibus
905 3132 987 3224 ipsis
1014 3145 1094 3226 post
1121 3137 1294 3207 decollati-

324 3273 426 3322 onem
459 3249 600 3321 diversis
635 3248 800 3330 stimulis,
833 3257 947 3318 motus
983 3248 1135 3318 diversos
1160 3250 1294 3342 produ-

323 3387 399 3434 cere
432 3384 637 3454 possumus,
672 3371 706 3430 et
731 3370 821 3430 certe
845 3383 946 3430 nemo
973 3363 1112 3455 corpori
1136 3371 1291 3432 truncato

323 3485 382 3546 aut
419 3475 559 3568 gangliis
594 3484 627 3542 et
659 3473 814 3564 plexibus
852 3475 1031 3557 nervosis,
1074 3475 1293 3568 capacitatem

324 3597 382 3660 aut
413 3588 604 3657 facultatem
638 3587 879 3669 eonscientiae,
915 3587 1022 3680 qualis
1057 3589 1196 3658 cerebro
1230 3588 1292 3657 tri·-

323 3698 481 3780 buimus,
508 3697 698 3767 adscribere
724 3700 873 3768 auderet.
926 3701 1039 3782 Quum
1067 3701 1292 3790 incorpore,

323 3819 436 3880 motus
469 3810 569 3904 hujus
602 3811 745 3903 generisw
767 3811 803 3881 in
835 3812 905 3884 vita
938 3814 1097 3905 organica
1130 3822 1164 3882 et
1197 3813 1294 3904 quasi

324 3923 529 3994 conscicntia
552 3925 736 4016 productos
764 3925 1004 4008 observamus,
1030 3948 1089 3995 eos
1115 3932 1206 3994 recte
1232 3949 1294 3996 ex-

324 4037 506 4133 plicamus,
533 4039 664 4109 actione
690 4037 738 4107 sio
763 4037 851 4108 dicta
874 4037 1081 4119 reflectoria,
1112 4061 1198 4131 quae
1225 4037 1296 4109 sine

325 4153 394 4225 ullo
439 4151 564 4224 auxilio
604 4151 738 4235 cerebri,
769 4151 883 4222 locum
922 4149 1044 4234 habet,
1092 4174 1296 4246 quamquam

1446 1169 1450 1176 ,

1316 1271 1318 1278 ’
1445 1205 1450 1458 l

1442 1733 1450 1762 ,
