2926 5034
656 501 700 568 65

190 681 368 774 suspendi,
410 681 523 754 statim
564 705 625 776 per
662 684 781 775 1--132-
822 680 1016 773 scrupulum
1053 679 1158 752 horae

188 793 360 890 (minuut),
397 794 585 866 immobiles
603 795 811 889 pendebant,
853 793 972 864 deinde
996 793 1155 863 motuhus

187 907 342 977 violentis
375 907 478 978 totius
522 910 675 1003 corporis
701 931 808 1002 usque
834 907 877 977 ad
901 917 1045 978 mortem
1070 929 1156 1002 qua-

187 1020 365 1090 debentur.

238 1133 306 1215 Qui
330 1141 475 1203 mortem
500 1133 663 1227 asphyxia
687 1134 830 1227 produci
855 1131 1038 1211 sustinent,
1072 1153 1156 1200 con-

188 1247 329 1316 tendunt
363 1259 517 1338 asperam
543 1247 700 1317 arteriam
724 1245 908 1315 hermetioo
934 1243 1038 1313 modo
1064 1243 1157 1314 olau-

189 1380 261 1430 sam
303 1381 396 1441 esse,
433 1369 609 1451 praeterea
648 1358 715 1428 huc
755 1357 891 1428 trahunt
932 1355 1159 1426 occlusionem

190 1471 369 1564 spasticam
402 1471 570 1562 glottidis,
613 1494 700 1566 quae
732 1469 839 1562 magis
867 1493 887 1540 a
911 1469 1080 1562 positione
1104 1470 1157 1540 la-

189 1583 269 1679 quei
294 1583 437 1675 pendet,
464 1584 652 1678 dequibus
679 1583 798 1653 deinde
825 1605 974 1675 egemus.
1018 1581 1157 1652 Sronne

186 1697 384 1789 praesertim
416 1696 451 1766 id
485 1697 722 1790 experimentis
756 1705 863 1766 tentat
895 1697 1059 1789 probare:
1107 1695 1157 1765 cf.

185 1809 216 1878 J.
242 1811 285 1879 H.
312 1811 470 1891 Sronsn,
497 1812 571 1880 diss.
596 1811 805 1900 iuoupurulc's
830 1811 868 1878 dc
893 1827 994 1880 morte
1015 1831 1157 1899 suspeus.

190 1924 291 1994 Groru
332 1922 447 2005 4766,
492 1931 526 1992 et
567 1921 757 1992 concludit:
814 1921 954 2010 „Mors
993 1921 1159 2013 dependet

187 2087 209 2128 ,‚
235 2044 365 2106 tannim
391 2060 411 2107 a
435 2034 658 2127 respiratione
682 2032 872 2125 impedita.”

236 2150 294 2218 lll.
344 2150 445 2218 Mons
470 2167 663 2216 numerous
688 2165 943 2217 vnarnnmnmr
966 2165 1159 2215 rnonucm.

240 2259 454 2352 Quamquam
497 2259 674 2350 opiniones
713 2259 747 2327 in
780 2258 844 2328 hac
878 2281 980 2330 causa
1011 2257 1159 2328 maxime

190 2373 365 2454 differunt,
399 2381 512 2441 tamen
546 2370 648 2440 credo
667 2371 848 2440 neminem
882 2392 956 2438 esse
991 2371 1049 2463 qui
1073 2371 1160 2440 hanc

189 2509 325 2557 oausam
350 2485 456 2555 solam
483 2494 516 2555 et
541 2483 721 2576 separatim
747 2483 788 2554 ab
815 2481 886 2553 aliis
904 2481 1078 2552 admittere
1095 2505 1158 2552 ve-

188 2599 244 2682 lit,
282 2598 481 2692 praesertim
507 2597 650 2691 ‚mando
681 2597 724 2666 ad
750 2608 790 2665 ea
815 2595 1035 2677 attendimuS,
1071 2619 1160 2690 quaa

189 2711 424 2782 annotavimus
463 2710 506 2779 ad
546 2710 659 2777 locum
697 2707 739 2776 de
778 2729 879 2778 causa
917 2707 1099 2798 asphyxiae
1125 2719 1159 2778 et

189 2821 399 2916 apoplexiae.
450 2822 536 2891 Cum
560 2819 733 2890 lunatione
750 2819 944 2912 conjunctas
962 2819 1022 2888 has
1040 2840 1159 2889 causas

189 2946 302 3007 autem
336 2955 469 3026 semper
501 2933 688 3002 invenimus
722 2933 757 3002 in
790 2942 901 3002 morte
926 2955 988 3025 per
1014 2954 1159 3025 suspen-

189 3049 339 3127 sionem,
354 3119 356 3122 ,
373 3056 406 3116 et
436 3045 572 3116 minime
598 3068 680 3138 ergo
706 3046 792 3114 hanc
817 3067 954 3116 causam
979 3045 1160 3138 separatim

189 3163 224 3233 in
250 3163 418 3234 abstracto
444 3159 657 3230 considerare
683 3159 855 3228 dehemus.
904 3161 1070 3230 Fautores
1093 3181 1159 3230 au·

190 3285 259 3344 tem
282 3273 382 3366 hujus
410 3271 579 3364 opinionis
604 3272 762 3342 invocant
786 3270 969 3340 laesionem
994 3271 1160 3342 medullae

191 3387 416 3477 oblongatae,
449 3407 535 3478 quae
570 3407 606 3453 se
638 3384 791 3477 prolerre
825 3382 923 3451 debet
947 3381 1005 3452 ubi
1028 3382 1158 3454 lunatio

191 3499 423 3570 vertebrarum
447 3496 626 3566 invenitur.

237 3611 384 3683 Medulla
408 3607 590 3702 oblongata
614 3618 653 3678 ut
677 3609 753 3677 lons
780 3617 935 3679 motuum
960 3609 1158 3702 respiratio-

187 3723 263 3805 nis,
289 3721 499 3818 (Legallpis),
526 3732 560 3791 et
584 3721 686 3792 etiam
711 3719 812 3814 hujus
832 3722 956 3815 speciei
972 3733 1086 3793 motus
1103 3723 1159 3793 in-

187 3836 387 3917 voluntarii,
426 3843 539 3904 motus
577 3831 781 3904 reflectionis
817 3835 915 3917 dicti,
954 3832 1160 3932 (Flourens),

189 3961 223 4022 et
254 3973 377 4021 sensus
402 3945 627 4041 perceptionis
654 3943 1080 4044 (Empfidungsvermogen)
1108 3951 1160 4019 sni

191 4063 342 4156 generis,
390 4059 503 4156 (quem
549 4070 662 4132 autem
709 4081 778 4129 non
818 4061 1038 4155 aequiparare
1077 4085 1159 4154 pos-

194 4197 307 4246 sumus
343 4176 456 4246 sensui
490 4173 717 4268 perceptionis
753 4172 954 4256 cerebralis,
981 4174 1067 4243 scil.
1106 4173 1159 4243 in·

1042 4305 1061 4368 5
