2922 5024
775 483 950 554 80·

357 667 591 763 Dejectionem
626 667 771 740 subitam
802 691 923 761 parum
956 680 1017 741 ant
1041 671 1123 744 nibil
1146 675 1181 746 in
1206 697 1284 744 sns-

310 782 473 874 pensione
500 781 654 863 efficere,
691 782 835 852 vidimus
864 806 977 877 supra.

361 896 429 964 Pro
456 894 719 985 strangulatione
744 905 857 968 autem
883 897 1057 992 sequentia
1072 899 1184 970 offerri
1200 921 1284 993 pos-

312 1017 408 1080 sunt:

362 1123 393 1190 1.
421 1119 623 1192 Constrictio
649 1118 843 1191 mecbaniea
866 1121 998 1214 laquei,
1025 1124 1141 1216 quiin
1170 1133 1282 1196 stran-

310 1234 482 1324 gulatione
532 1232 652 1304 fortius
707 1234 946 1326 constringitur
988 1258 1090 1328 quam
1131 1238 1283 1329 pondere

311 1345 453 1438 simplici
478 1346 652 1438 eorporis,
677 1346 774 1416 utin
800 1347 1031 1439 suspensione.

360 1461 394 1528 2.
427 1459 630 1533 constrictio
666 1482 804 1552 quoque
829 1460 864 1529 in
886 1459 1151 1553 ‚strangulatione
1175 1460 1282 1552 magis

311 1571 471 1640 continua
497 1580 548 1638 est
573 1594 675 1664 quam
700 1572 736 1640 in
761 1573 1006 1661 suspensione,
1036 1583 1178 1664 propter
1201 1596 1281 1642 mo-

312 1694 366 1752 tus
398 1682 572 1775 corporis,
609 1683 733 1774 laqueo
767 1705 857 1752 nunc
881 1684 1046 1777 majorem
1070 1693 1143 1754 tum
1167 1685 1282 1754 mino-

311 1817 385 1864 rem
409 1794 683 1866 constrictionem
709 1805 897 1866 exercente.

361 1908 396 1978 3.
428 1908 632 1980 Gonstrictio
663 1908 881 1982 horizontalis
916 1907 1061 2002 quaein
1091 1911 1283 2002 strangula-

311 2020 404 2090 tione
439 2020 554 2090 looum
590 2022 709 2104 babet,
747 2023 815 2092 vim
850 2021 963 2114 laquei
1001 2044 1125 2113 augere
1163 2023 1285 2106 debet,

313 2156 418 2224 quum
446 2133 481 2202 in
512 2133 733 2225 suspensione
757 2135 864 2226 magis
889 2135 925 2204 in
950 2134 1143 2204 conditione
1167 2136 1285 2230 pejore

292 2253 485 2327 uersatur,
518 2246 683 2316 tractione
710 2248 849 2343 obliqua
872 2247 1107 2318 adscendente.

361 2359 406 2428 Et
443 2359 673 2452 experimenta
698 2385 785 2454 quae
809 2360 960 2440 institui,
1003 2362 1286 2430 confirmaverunt
1391 2373 1395 2379 ·
1450 2419 1451 2426 ,

315 2497 356 2544 ea
387 2497 474 2564 qnae
501 2475 573 2565 jam
603 2497 624 2542 a
653 2473 760 2564 priori
788 2473 823 2540 in
847 2475 999 2542 favorem
1024 2471 1143 2541 mortis
1169 2481 1283 2542 stran-

313 2585 483 2677 gulatione
518 2583 771 2666 annotavimus,
809 2607 919 2678 neque
952 2582 1018 2652 boc
1047 2583 1149 2664 loco,
1188 2607 1283 2654 cras-

314 2695 426 2766 situdo
453 2705 511 2766 aut
528 2697 708 2789 applicatio
726 2697 894 2790 duplicata
916 2696 1048 2790 laquei,
1075 2695 1179 2792 (quod
1195 2697 1286 2768 idem

315 2833 418 2902 supra
450 2810 485 2880 in
516 2811 738 2902 suspensione
768 2809 947 2905 vidimus),
991 2810 1146 2880 effectum
1170 2810 1284 2881 diver-

315 2946 389 2992 sum
414 2923 633 3012 producebat.

364 3031 517 3102 Cuniculi
552 3032 771 3123 strangulati,
814 3032 1062 3130 eodemmodo
1089 3057 1158 3125 quo
1185 3057 1286 3103 exse-

315 3144 466 3214 cutiones
500 3143 599 3238 hujus
635 3167 767 3237 poenae
801 3156 920 3216 nostra
952 3145 986 3214 in
1020 3146 1129 3236 patria
1158 3147 1193 3216 in
1218 3169 1285 3217 usu

316 3267 390 3341 est,
420 3257 512 3328 nulla
537 3258 633 3351 signa
656 3258 745 3328 vitae
771 3257 1014 3339 ostendebant,
1040 3267 1138 3350 post:
1167 3261 1284 3330 lmin.

318 3373 363 3442 53
399 3394 485 3453 sec,
526 3375 550 3442 2
583 3373 664 3442 min.
702 3374 745 3442 31
783 3394 869 3451 sec,
907 3371 1035 3442 2min.
1067 3373 1112 3442 35
1140 3396 1226 3456 see,
1260 3378 1284 3444 2

316 3484 396 3554 min.
422 3485 469 3554 43
496 3507 586 3564 see,
620 3481 665 3576 (in
689 3483 755 3553 hoe
779 3483 909 3554 lunatio
934 3484 1022 3556 inter
1046 3486 1235 3558 vertebram
1261 3488 1284 3556 3

262 3661 265 3666 .
317 3607 351 3666 et
374 3594 409 3690 d)
435 3595 621 3664 et3min.
651 3596 693 3664 15
720 3617 787 3666 seo.

367 3707 493 3774 Omnes
527 3707 640 3778 statim
672 3719 752 3801 post
777 3710 1050 3780 constrictionem
1074 3709 1185 3802 laquei
1206 3732 1284 3779 mo-

317 3818 418 3890 tubus
443 3817 598 3888 violentis
626 3821 856 3913 agitabantur,
893 3846 999 3916 quum
1024 3845 1127 3914 supra
1142 3822 1287 3892 vidimus

319 3955 502 4024 suspensos
537 3932 578 4004 ab
613 3933 708 4006 initio
733 3933 921 4004 immobiles
946 3937 1113 4028 pendere,
1147 3956 1210 4003 nec
1233 3936 1288 4005 ni-

318 4046 347 4118 si
373 4055 453 4138 post
477 4051 530 4140 {—
551 4047 595 4140 l}
618 4067 758 4146 megnas
784 4047 900 4118 turbas
927 4049 1037 4118 edere.

367 4160 518 4236 Vidimus
552 4160 586 4230 in
621 4159 857 4252 experimentis
889 4160 1119 4255 suspensionis
1145 4170 1289 4256 mortem
