2922 5024
676 511 723 584 87

211 719 296 765 ⁴oum
334 697 378 764 de
412 695 561 762 Pounmr
596 693 816 764 decollatione
851 693 960 762 seouri
984 696 1070 764 l'notn
1097 695 1182 788 agit,

208 827 290 877 mox
330 805 443 877 addit:
493 805 702 897 „Nondum
739 805 819 875 artis
858 815 930 874 erat
964 817 1064 898 oaput
1101 831 1184 878 ense

207 920 399 1010 „rotare”
458 919 571 989 Serius
614 941 752 1014 quoqne
797 919 955 988 Germani
996 922 1105 992 securi
1148 931 1182 992 et

207 1055 288 1102 ense
321 1031 524 1112 utebantur3
560 1032 703 1102 Constit.
739 1030 842 1100 Crim.
876 1030 1030 1102 Carolin:
1066 1056 1181 1106 ensem

209 1154 339 1215 tantum
363 1143 522 1227 admittit,
547 1167 625 1216 nam
646 1144 806 1237 legimus:
847 1195 870 1235 „
884 1144 968 1214 Zum
994 1144 1181 1227 sohwerdt,

209 1258 309 1348 „mit
334 1257 411 1328 dem
436 1257 604 1328 schwerdt
628 1281 697 1327 von
723 1255 820 1326 leben
845 1279 923 1326 zum
939 1256 1014 1328 todt
1030 1261 1181 1351 gestrallt

208 1370 385 1460 „werden
412 1371 506 1439 soll.'’

256 1485 396 1575 Semper
418 1491 531 1553 autem
548 1480 748 1575 decapitatio
767 1480 839 1552 visa
855 1489 907 1550 est
922 1481 1033 1552 mium
1049 1482 1180 1556 infamis

207 1607 317 1667 morte
334 1620 396 1688 per
413 1595 685 1687 suspensionem,
704 1617 806 1686 quam
824 1594 1019 1686 opinionem
1035 1598 1180 1668 reoenti-

205 1731 283 1778 ores
301 1733 322 1780 a
338 1707 507 1778 veteribus
525 1709 695 1800 accepisse
711 1707 883 1789 videntur,
896 1731 974 1779 nam
987 1709 1180 1780 Xunonnon

206 1822 273 1890 inm
303 1829 419 1890 narrat
445 1823 484 1889 de
509 1821 594 1891 Crnr
621 1821 836 1912 empeditione,
868 1820 941 1890 Lib.
967 1823 1009 1890 ll.
1061 1825 1180 1914 „Non

207 1987 230 2024 „
247 1944 285 2003 nt
318 1935 542 2015 Cnnsncuus,
577 1932 701 2023 aliique
727 1931 828 2000 duces
856 1933 964 2023 capite
988 1957 1010 2001 a
1036 1935 1179 2004 oerviei-

208 2097 230 2136 „
247 2045 311 2116 hus
346 2046 478 2127 ablato,
516 2045 610 2139 qnod
641 2042 902 2136 pulcherrimum
927 2044 1046 2114 mortis
1071 2069 1178 2138 genus

206 2210 228 2249 „
246 2179 321 2234 esse
354 2159 538 2226 censetur.”
568 2201 618 2212 --
667 2156 768 2247 Apud
793 2157 981 2228 Germanos
1006 2157 1179 2251 decapita-

205 2269 253 2339 tio
289 2271 352 2339 fuit
376 2269 588 2362 privilegium
611 2267 816 2349 nobilitatis,
851 2269 952 2339 etiam
977 2272 1067 2361 apud
1091 2272 1178 2344 alios

205 2381 352 2475 populos
394 2380 481 2451 hane
518 2379 790 2474 praerogativam
823 2379 954 2450 tristem
977 2382 1177 2454 invenimus.

202 2496 331 2566 Camot
353 2505 469 2566 narrat
495 2493 670 2588 quomodo
697 2491 751 2561 vel
776 2515 906 2584 poenae
931 2495 1089 2587 ospitales
1112 2496 1177 2568 ho-

131 2631 134 2640 ·
203 2631 305 2678 nores
331 2619 366 2678 et
390 2607 571 2677 commoda
596 2607 716 2676 afferre
741 2606 873 2696 possint
899 2604 956 2700 (l).

253 2725 346 2813 Ergo
371 2720 438 2790 hoo
462 2719 497 2788 in
521 2719 600 2788 looo
626 2716 769 2786 vidimus
786 2717 1071 2793 modificationem
1089 2744 1175 2813 poe·

237 3040 285 3116 (l)
314 3040 447 3112 Censor,
473 3044 503 3098 in
532 3041 769 3100 commentatione
799 3042 833 3098 de
865 3039 934 3098 cod.
954 3040 1039 3100 Poen.
1058 3047 1116 3120 agit
1134 3049 1172 3104 nd

202 3142 257 3188 art.
279 3131 315 3188 12
333 3154 362 3208 p.
382 3130 439 3201 45,
469 3134 504 3190 de
532 3133 618 3188 modo
644 3148 703 3203 quo
720 3131 877 3186 nonnullae
898 3133 1017 3190 familiae
1036 3137 1065 3191 in
1086 3135 1175 3194 Gallio

202 3225 295 3278 conati
313 3226 385 3293 sint,
402 3223 579 3280 nobilitatem
599 3221 664 3276 inde
682 3219 833 3289 deducere,
852 3223 928 3292 quod
948 3227 1077 3281 nonnulli
1089 3247 1174 3302 proa-

200 3329 302 3369 vorum
331 3325 418 3388 caput
448 3333 512 3368 ense
531 3323 660 3368 rotatum
679 3309 840 3364 habuerint.
889 3330 904 3362 o
924 3310 1001 3368 linei
1022 3315 1049 3370 la
1065 3317 1172 3374 snmille

201 3421 215 3454 o
236 3404 270 3458 de
292 3401 462 3459 annnsnn
481 3402 615 3459 Grntnns
632 3402 727 3456 nurnit
745 3402 881 3459 continue
899 3401 935 3459 de
951 3404 1028 3476 jouir
1045 3425 1109 3462 sans
1128 3415 1172 3464 re'-

203 3512 218 3544 »
237 3493 389 3548 clamatione
424 3494 472 3550 des
500 3493 643 3566 privileges
672 3491 707 3546 de
735 3493 861 3548 noblesse
890 3511 945 3566 que
975 3490 1111 3554 Purnrrrn
1141 3496 1172 3554 11

203 3601 217 3635 o
237 3584 280 3636 roi
299 3580 452 3658 d'Espagne
472 3583 546 3638 avait
565 3581 683 3636 accorde'
702 3601 719 3635 a
739 3579 799 3637 l'un
819 3584 914 3639 deses
933 3587 1079 3657 ancttres,
1097 3608 1172 3662 pour

202 3691 216 3724 o
237 3674 316 3728 avoir
342 3674 473 3728 assassine'
502 3673 526 3727 le
553 3667 653 3726 Prince
681 3666 838 3746 d'0range‚
867 3675 889 3727 si
918 3675 943 3730 le
961 3695 1116 3751 monnrque
1135 3699 1172 3735 au

198 3782 213 3815 o
234 3764 289 3818 lieu
315 3763 349 3818 de
377 3767 572 3837 recompenset
598 3780 655 3816 nne
675 3763 769 3816 aenon
797 3765 819 3817 si
838 3763 917 3818 basse
936 3783 990 3839 par·
1006 3769 1055 3823 dee
1074 3770 1171 3826 lettres

197 3873 211 3906 o
232 3855 267 3909 de
285 3853 432 3920 nollem,
472 3855 547 3908 avait
574 3854 626 3908 seit
645 3858 775 3908 execnter
795 3858 812 3910 t
830 3864 908 3910 mort
926 3875 977 3912 son
997 3869 1099 3916 auteur
1117 3881 1170 3934 par
1233 3881 1236 3888 ’

198 3961 212 3992 o
233 3943 260 3998 ln
287 3945 347 3998 vois
376 3944 411 3998 de
432 3943 457 4000 la
477 3945 667 4012 decollation,
690 3944 784 3999 tendis
809 3961 864 4016 qne
899 3956 972 4002 cette
998 3950 1102 4006 samille
1126 3952 1170 4004 lut

199 4036 301 4090 »mise
328 4040 344 4090 n
372 4034 398 4090 la
418 4035 493 4090 taille
512 4037 627 4092 aussitot
646 4052 701 4106 que
732 4035 758 4088 la
777 4035 910 4106 province
929 4035 1029 4110 qn'elle
1049 4041 1169 4096 habitait

196 4141 210 4172 u
223 4125 274 4178 lut
293 4127 390 4180 re'unie
409 4131 425 4180 e
451 4126 477 4182 le
497 4123 625 4192 Fretum,
654 4133 681 4178 et
700 4121 767 4193 qu'il
787 4123 871 4178 sallut
890 4126 1008 4197 justifier
1027 4148 1068 4183 ses
1088 4129 1167 4184 titrcs

201 4233 214 4263 u
235 4215 268 4269 de
288 4213 441 4271 noblesse.”
