2922 5024
624 517 686 583 121
807 559 811 568 ·

216 699 419 772 Praesertim
468 697 545 766 huic
597 696 768 788 systemati
821 695 995 788 objicitur,
1047 695 1140 789 quod

168 815 310 886 malefici
343 810 584 880 consuetudine
615 810 702 878 inter
728 831 764 877 sc
786 809 974 902 junguntur
1000 809 1141 879 durante

173 928 249 1008 die,
304 925 424 994 eodem
474 923 509 992 in
554 923 632 992 loco
671 921 768 1014 operi
805 931 981 990 vacantes:
1031 932 1144 991 tamen

173 1037 426 1109 incommodum
466 1035 533 1104 boc
570 1035 680 1104 minus
722 1033 950 1127 perniciosum
984 1033 1069 1114 erit,
1116 1033 1145 1102 si

176 1174 308 1242 semper
346 1147 468 1241 captivi
501 1147 602 1216 iidem
634 1147 670 1216 in
704 1147 820 1217 eadem
855 1147 961 1216 classe
986 1153 1145 1226 manent,

175 1275 209 1334 et
246 1266 368 1334 classes
405 1286 449 1332 ex
481 1282 623 1330 numero
657 1282 764 1351 parvo
798 1259 1027 1328 maleficorum
1062 1280 1145 1328 oon·

175 1378 370 1448 stituuntur.
420 1374 536 1444 Altera
561 1371 730 1464 objectio,
764 1395 863 1463 aegre
890 1371 1057 1440 silentium
1081 1371 1144 1442 ab·

174 1490 326 1558 solutum
351 1484 513 1565 obtineri,
548 1493 581 1552 et
607 1485 823 1554 siolationem
847 1486 1057 1577 frequentem
1081 1483 1147 1554 hu·

171 1603 228 1694 jus
260 1597 431 1690 praecepti
464 1619 642 1666 numerum
666 1620 854 1689 poenarum
878 1597 976 1668 nimis
1004 1619 1146 1688 augere3

178 1713 220 1782 ad
256 1711 349 1803 quod
382 1711 535 1802 prolecto
570 1710 809 1781 attendendum
843 1719 912 1793 est,
960 1701 1072 1805 quum
1096 1710 1150 1780 vi-

180 1825 287 1896 dimus
312 1825 347 1894 in
373 1846 526 1904 carcere,
565 1823 619 1892 cui
642 1845 768 1891 nornen
794 1823 1149 1914 Coldbatblields-pri-

177 1961 240 2008 son
266 1960 354 2007 anno
385 1936 498 2030 1843,
529 1936 623 2003 1100
649 1935 800 2025 captivos
818 1936 940 2018 luisse,
967 1957 1150 2029 equorum

175 2049 405 2143 punitionibus
433 2048 492 2139 qui
516 2050 586 2118 lere
615 2049 734 2118 18000
761 2058 875 2131 erant,
902 2050 1000 2118 0000
1018 2069 1150 2140 poenae

175 2171 270 2232 erant
303 2161 495 2230 violationis
530 2160 650 2230 silentii
675 2161 884 2253 praescripti.
933 2161 1044 2230 Etiam
1069 2160 1150 2230 illud

174 2275 294 2345 vitium
321 2279 390 2370 est,
417 2271 510 2364 quod
527 2271 560 2340 in
577 2271 643 2340 hoc
661 2282 841 2363 systemate
860 2274 982 2365 captivi
999 2274 1150 2344 nonnulli

178 2386 251 2456 aliis
278 2393 557 2477 praeponuntur,
595 2394 634 2452 ut
660 2385 826 2454 silentium
853 2397 981 2456 curent.
1031 2387 1151 2456 Dirce-

178 2509 234 2569 tor
277 2499 336 2592 qui
379 2497 504 2568 carceri
543 2497 805 2568 Wssruussruu
847 2501 1035 2590 praelectus
1078 2507 1151 2578 est,

180 2601 400 2681 confitebatur
431 2609 600 2680 maleficos
625 2597 771 2680 maxime
796 2634 976 2702 perversos
1004 2610 1151 2703 optimos

181 2723 339 2793 custodes
374 2743 466 2802 csse,
511 2730 543 2789 et
578 2721 664 2790 hanc
689 2723 730 2792 ab
756 2746 829 2792 rem
853 2725 935 2793 tales
961 2723 1064 2814 vulgo
1092 2723 1152 2790 eli-

178 2837 224 2928 gi.
284 2835 360 2902 Hoc
391 2843 565 2925 respectu,
604 2843 751 2925 systema
775 2836 856 2906 illud
880 2835 1009 2927 legibus
1036 2844 1069 2903 et
1095 2855 1152 2904 sa-

181 2973 246 3018 nae
286 2945 409 3016 rationi
451 2957 639 3038 repugnat,
687 2949 780 3040 quod
813 2950 974 3018 malificos
1007 2948 1154 3019 maxime

184 3083 365 3154 perversos
392 3060 549 3128 custodes
576 3061 710 3130 adhibet
736 3064 898 3142 caeteris,
932 3072 966 3132 et
992 3085 1051 3131 eos
1077 3084 1155 3132 mc-

186 3175 301 3244 raliter
326 3172 509 3263 erigendo,
544 3176 772 3265 supremotiam
798 3173 944 3242 criminis
969 3174 1122 3244 instituit.

236 3289 330 3355 Haec
354 3285 436 3353 vitia
454 3285 571 3354 evitari
590 3295 749 3376 possent,
776 3285 804 3354 si
822 3285 1016 3356 diminuitur
1033 3309 1155 3354 nume-

187 3419 246 3466 rus
289 3395 445 3466 classium
479 3398 689 3488 captivorum
728 3397 787 3488 qni
820 3399 1025 3492 conjunctim
1060 3399 1156 3491 operi

185 3518 329 3589 vacant,
355 3530 387 3576 v.
406 3532 434 3576 c.
460 3531 530 3577 non
555 3509 643 3579 ultra
659 3513 717 3578 25.
758 3511 871 3580 Homo
889 3523 1010 3582 natura
1025 3513 1155 3604 loquax

188 3632 222 3692 et
247 3619 430 3700 sociabilis,
465 3621 661 3690 nullomodo
688 3622 765 3714 cogi
791 3634 922 3715 potest,
956 3636 995 3695 ut
1021 3647 1157 3695 omnem

187 3732 526 3804 communicationem
558 3735 669 3803 verbis
696 3744 754 3804 aut
780 3736 882 3826 signis
909 3762 987 3808 erun
1012 3761 1156 3808 consor-

185 3847 274 3916 tibus
300 3845 399 3938 plane
426 3846 580 3926 omittat;
615 3848 775 3918 severitas
800 3849 903 3919 nimia
927 3850 994 3920 boc
1018 3874 1156 3944 respec-

186 3970 237 4048 tu⁸
262 3961 379 4052 iniqua
416 3967 449 4028 et
486 3958 659 4029 hominum
698 3970 837 4030 naturae
862 3983 932 4030 non
961 3971 1040 4056 apta
1066 3965 1156 4046 erit,

188 4083 222 4142 et
259 4081 348 4142 certe
388 4072 508 4141 sufficit
549 4071 730 4165 prohibere
768 4097 941 4144 sermones
983 4077 1156 4168 generales

165 4186 374 4277 ,longiorem
408 4185 674 4278 disputationes,
707 4189 975 4272 controversias,
1004 4199 1067 4258 cet.
1118 4189 1155 4259 ld
