2926 5034
693 491 736 558 55

220 673 359 754 mortis,
394 676 413 742 b
439 696 545 764 opera
570 681 688 742 coacta
712 693 774 764 per
799 681 906 744 totam
931 674 1053 755 vitam,
1087 700 1103 742 c
1130 673 1193 743 ds-

218 785 387 877 portatio,
407 786 454 856 :d
486 807 592 878 opera
626 793 744 856 coacta
776 807 838 877 per
871 794 1000 856 certum
1033 795 1191 878 tempus,

222 895 479 990 eergastulum.

267 1015 303 1079 2.
353 1012 481 1079 Poenae
521 1009 727 1100 infamantes.
795 1033 817 1080 o
859 1018 986 1082 castata
1025 1008 1191 1106 (cusan),

222 1121 440 1202 bexsilium,
483 1120 731 1210 odegradatio.

269 1233 460 1303 Subdivisio
485 1255 674 1324 poenarum
700 1233 1013 1306 eorrectionaliumz

270 1349 303 1417 1.
353 1344 511 1415 Detentio
536 1345 571 1415 in
598 1369 742 1416 carcere.

266 1461 302 1527 2.
352 1455 537 1547 Suspensio
557 1457 687 1551 jurium
712 1458 868 1530 civilium.

268 1570 302 1639 3.
352 1568 508 1638 Mulotae.

267 1680 459 1752 Subdivisio
485 1703 674 1772 poenarum
699 1683 848 1776 politiae.

269 1798 301 1865 1.
350 1793 509 1864 Detentio
534 1793 569 1864 in
595 1789 740 1867 earcere.

267 1911 311 1978 2.·
351 1907 506 1978 ltlulotae.

164 2058 168 2066 ·
268 2023 302 2091 3.
354 2018 557 2091 confiscatio
583 2043 698 2090 rerum
724 2020 944 2090 detentarum.

267 2134 395 2203 Tamen
420 2132 556 2201 decreto
581 2135 622 2202 11
647 2136 728 2204 Dec.
754 2134 848 2204 1813
871 2133 981 2214 edito,
1008 2142 1189 2224 sequentes

218 2243 422 2318 mutationes
446 2242 481 2311 in
507 2266 549 2314 en
572 2244 743 2314 institutae
770 2254 865 2325 sunt,
896 2256 1030 2336 praeter
1055 2243 1190 2316 aboliti-

215 2379 294 2427 nem
319 2356 552 2450 confiscationis
576 2356 803 2428 uniuersorum
827 2359 1003 2438 lonmnm,
1030 2373 1058 2428 et
1075 2363 1191 2430 tutelae

212 2471 345 2562 potitiae
379 2470 532 2552 civitatis,
565 2467 829 2564 (staatspolitie),
862 2460 1016 2540 sententio
1041 2467 1191 2560 juridico

218 2583 370 2676 maleficis
394 2583 616 2672 imponendae.

235 2747 238 2753 .
267 2693 390 2763 Modus
417 2691 642 2762 exsecutionis
667 2713 798 2782 poenae
823 2692 941 2760 mortis
965 2691 1032 2762 hoc
1054 2693 1190 2763 decreto

220 2804 441 2875 mutationem
475 2805 594 2884 suhiit;
630 2804 666 2873 in
699 2803 815 2872 codice
845 2803 1079 2874 tantummodo
1105 2827 1190 2874 con-

218 2919 380 2988 stitutum
409 2927 502 2988 erat:
546 2925 608 2987 art.
646 2918 701 2985 12.
770 2965 792 3006 „
818 2916 909 2985 Tout
945 2915 1132 2986 condamne
1170 2919 1191 2988 a

217 3085 240 3125 „
266 3039 357 3101 mort
381 3030 520 3101 aurula
545 3034 613 3100 tete
640 3027 826 3099 tranchee.‘’
877 3029 974 3099 Nunc
999 3041 1113 3101 autem
1138 3031 1189 3101 Cl.

220 3145 410 3218 decretum:

269 3264 300 3328 l.
351 3258 467 3325 Poena
507 3253 625 3324 mortis
667 3261 880 3344 perpetratur
920 3253 1063 3345 laqueo,
1107 3255 1187 3325 viris

217 3369 392 3460 patibulo,
434 3367 563 3437 lerninis
606 3365 869 3456 strangulatione
906 3365 984 3456 palo
1023 3366 1187 3458 alligatis;

217 3499 330 3574 poena
353 3479 473 3550 mortis
498 3478 643 3548 maxime
667 3477 809 3547 infamis.
1149 3471 1161 3478 ’

267 3599 302 3664 2.
353 3595 468 3663 Poena
490 3590 609 3660 mortis
635 3589 856 3659 decollatione
881 3612 943 3682 per
968 3588 1125 3681 gladium.

182 3749 184 3755 ,
267 3707 382 3798 Opera
407 3714 525 3776 coacta
549 3726 610 3796 per
635 3713 742 3773 totam
759 3702 863 3772 vitam
880 3725 957 3772 curn
974 3703 1186 3794 expositione

214 3829 248 3890 et
282 3819 436 3910 stigmate
462 3817 641 3910 conjuncta
665 3815 838 3896 aboletur,
874 3815 928 3886 cui
954 3816 1186 3886 substituitur:

186 3962 191 3970 ·
266 3935 298 4002 1.
347 3929 535 4021 Fustigatio
570 3952 646 3998 cum
683 3929 807 4020 laqueo
845 3927 931 3996 collo
959 3920 1186 3999 circumstric-

213 4055 269 4126 to,
303 4045 424 4138 stigma
458 4052 491 4111 et
524 4040 668 4111 seclusio
703 4039 737 4108 in
772 4041 942 4132 ergastulo
968 4064 1029 4134 per
1054 4052 1187 4134 tempus

216 4166 362 4240 certum,
388 4179 455 4228 non
485 4154 609 4226 diutius
636 4154 684 4222 20
712 4152 817 4221 annis.
