2922 5024
779 550 846 618 lib

324 730 404 802 Mihi
438 739 471 802 et
504 731 616 801 multis
652 731 723 802 aliis
759 730 927 823 expositio
965 749 1076 822 poena
1103 738 1193 800 esset
1217 751 1299 822 gra-

325 844 481 927 vissima,
507 842 659 914 severior
684 865 786 937 quam
811 863 922 934 poena
939 843 1078 924 mortis,
1106 851 1140 912 et
1163 844 1198 912 in
1216 864 1300 934 pro·

322 956 481 1048 portione
530 965 620 1026 esset
661 979 738 1026 cum
776 955 968 1025 criminibus
1006 956 1186 1036 maximis3
1224 954 1296 1026 aliis

322 1077 441 1138 contra
478 1077 535 1138 aut
568 1091 679 1161 poena
708 1069 798 1139 nulla
822 1077 880 1138 aut
906 1068 1075 1140 levissima
1101 1068 1182 1148 crit,
1215 1089 1294 1136 nam

325 1180 518 1272 dignitatem
552 1189 681 1250 tantum
714 1180 877 1250 moralem
912 1203 998 1272 quae
1023 1203 1091 1248 non
1118 1180 1208 1272 apud
1234 1201 1294 1248 eos

322 1293 453 1374 existit,
487 1292 620 1363 laedere
645 1301 776 1386 potest,
811 1292 955 1374 animal,
980 1291 1150 1362 hominem
1173 1291 1295 1384 physi-

322 1427 398 1475 eum
423 1427 493 1474 non
518 1415 640 1497 potest.

369 1520 478 1588 Poeno
503 1521 592 1588 debet
617 1521 699 1589 ulios
725 1522 882 1589 deterrere
907 1519 965 1586 &a

367 1631 456 1698 Num
481 1629 625 1699 fortasse
650 1630 768 1698 melius
795 1629 974 1698 satisfaciat
999 1627 1078 1696 huic
1103 1629 1293 1720 requisito?

317 1741 541 1809 Vehementer
588 1741 716 1811 dubito.
788 1742 838 1812 Illi
877 1741 965 1810 enim
1004 1739 1293 1812 abhorrescunta

317 1875 429 1945 poena
467 1853 714 1946 expositionis,
749 1855 871 1948 qussnus
898 1854 1024 1923 crimen
1051 1862 1103 1922 est
1128 1853 1292 1935 dedecus,

317 1965 441 2058 quibus
477 1966 624 2036 dedecus
657 1967 792 2060 gravius
826 1977 878 2037 est
910 1989 1023 2058 poena
1056 1967 1200 2047 mortis,
1235 1967 1293 2060 qui

314 2101 451 2148 sensum
491 2079 660 2170 dignitatis
694 2077 839 2170 bominis
866 2089 900 2149 et
926 2079 1182 2148 existimationis
1208 2101 1291 2146 nus-

315 2199 405 2258 eunt.
456 2189 524 2258 Sed
560 2189 623 2260 illis
657 2189 850 2263 hominibus
882 2213 953 2262 non
988 2213 1075 2284 opus
1102 2200 1153 2260 est
1178 2191 1290 2262 deter-

313 2302 447 2373 ritione.
497 2303 549 2373 Ab
576 2303 680 2375 altera
704 2314 820 2397 parte,
850 2327 950 2376 nemo
976 2305 1097 2374 infitias
1122 2305 1199 2386 ibit,
1226 2327 1289 2372 ex-

312 2417 517 2509 positionem
560 2441 628 2486 non
664 2418 833 2486 deterrere
869 2439 972 2509 posse
1006 2439 1066 2486 eos
1101 2415 1160 2508 qui
1196 2417 1289 2486 omni

312 2549 413 2599 sensu
451 2529 619 2620 dignitatis
654 2537 786 2608 carent,
829 2537 863 2597 et
896 2536 994 2624 antea
1022 2528 1094 2621 jam
1118 2538 1157 2598 ut
1181 2529 1290 2598 male-

310 2641 363 2710 fici
401 2639 474 2710 noti
511 2643 665 2721 luerunt,
709 2650 768 2711 aut
805 2641 864 2736 qui
897 2642 969 2736 jam
1001 2641 1036 2710 in
1071 2665 1113 2711 eo
1148 2650 1226 2711 sunt
1250 2651 1289 2711 ut

311 2753 394 2824 tales
437 2753 527 2825 fiant.
597 2754 746 2822 Tertium
789 2775 895 2846 genus
931 2763 1159 2846 spectatorum
1194 2755 1287 2846 quod

311 2867 502 2958 frequentat
527 2865 762 2934 exsecutiones
780 2866 949 2955 publiea'S,
976 2873 1027 2934 est
1043 2867 1160 2934 rudius
1177 2867 1287 2936 iucul-
1386 2859 1391 2874 ⁸

309 2976 464 3066 tiusque,
491 2985 524 3042 et
550 2974 758 3064 experientia
783 2973 897 3044 docuit
919 2975 953 3042 in
971 2997 1030 3043 eos
1048 2979 1295 3048 tantummodo

308 3085 565 3178 impressionem
604 3083 802 3154 validiorem
835 3085 977 3178 produci
1010 3109 1131 3179 posse,
1176 3111 1283 3180 quum

309 3198 453 3278 directe,
492 3197 656 3267 materiali
688 3198 813 3280 modo,
855 3207 889 3268 et
923 3199 1119 3270 sensualiter
1151 3200 1186 3269 in
1221 3223 1281 3269 eos

307 3333 469 3404 agamus,
492 3319 525 3379 et
550 3319 640 3380 certe
665 3310 731 3380 hoc
755 3320 911 3404 respectu
935 3310 1019 3382 haec
1043 3335 1156 3404 poena
1181 3313 1281 3383 ellec-

307 3437 379 3494 tum
396 3423 523 3492 nullum
535 3424 725 3514 producere
744 3433 868 3516 potest.
918 3425 1053 3495 Poenae
1078 3425 1279 3497 inhumanae

307 3548 341 3607 et
364 3538 527 3609 barbarae
566 3536 658 3628 apud
691 3557 751 3605 eos
785 3536 974 3629 producent
1008 3539 1219 3610 aversionem
1245 3548 1279 3608 et

306 3649 570 3742 indignationem
604 3657 722 3718 contra
756 3647 908 3719 instituta
940 3651 1113 3743 poenalia,
1153 3662 1187 3721 et
1211 3673 1277 3742 po-

305 3762 371 3831 tius
435 3759 762 3831 commiserationem
811 3759 952 3852 patienti
1002 3773 1060 3833 aut
1110 3761 1277 3832 subeunti.

306 3875 441 3944 Poenae
475 3872 634 3966 physicae
667 3872 862 3964 corporales
898 3883 931 3942 et
964 3876 1160 3956 rationales,
1195 3897 1280 3944 con·
1314 3899 1316 3906 ⁴

305 3999 358 4059 tra
391 3986 641 4056 deterritionem
675 3994 708 4054 et
739 3984 891 4054 ellectum
918 3986 1098 4058 salutarem
1125 3987 1278 4057 efficient.

305 4097 523 4194 Experientia
556 4097 609 4168 bic
642 4121 779 4192 quoque
805 4097 938 4178 decuit,
964 4099 1212 4192 expositionem
1236 4125 1279 4171 u-

304 4216 436 4285 niverse
466 4211 594 4282 nullum
620 4211 832 4282 effectumin
859 4211 1149 4284 circumstantibus
1175 4213 1282 4284 relin-
