2922 5024
751 496 818 564 tao

295 685 398 755 lestos
437 703 531 760 esse;
573 677 660 750 bano
693 677 738 746 ob
772 699 844 748 rem
879 699 985 771 opera
1017 677 1064 748 ibi
1094 678 1201 772 magis
1236 689 1273 750 ut

293 796 480 891 praemium
505 791 749 862 consideranda
774 798 862 860 sunt.

343 912 471 980 Contra
504 928 610 998 opera
644 904 687 974 ad
720 923 884 995 aggeres,
920 903 1129 976 munimenta
1163 916 1196 974 et
1221 915 1274 976 ta-

292 1024 338 1094 lia
361 1031 492 1102 cetera,
519 1018 626 1110 magis
651 1040 798 1109 poenam
815 1018 1040 1098 constiturum
1067 1021 1195 1111 primo,
1221 1021 1274 1090 la-

293 1137 378 1206 bore
419 1132 576 1213 rudiore,
619 1139 653 1200 et
693 1139 869 1221 praeterea
912 1142 1096 1222 conspeetu
1132 1143 1274 1202 naturae

295 1249 479 1342 gaudentes
522 1254 555 1314 et
591 1243 626 1314 in
665 1243 825 1312 societate
864 1245 1093 1324 consortium,
1136 1245 1274 1314 minime

295 1362 446 1454 indigent
479 1357 681 1429 amoenitate
715 1355 848 1447 operis,
883 1380 969 1450 quae
1002 1357 1037 1426 in
1071 1357 1189 1428 cellula
1213 1379 1276 1426 so-

296 1475 406 1544 litaria
439 1471 627 1541 necessaria
662 1478 756 1547 erat;
790 1491 879 1537 nune
905 1492 993 1561 opus
1018 1493 1165 1561 poenam
1191 1493 1278 1538 oon.

299 1587 424 1666 stituit,
459 1594 493 1652 et
525 1584 678 1676 pejorem
711 1581 821 1649 reddit
855 1583 1083 1652 conditionem
1118 1583 1275 1675 captivo·

299 1721 386 1769 rum.
436 1696 534 1763 Nunc
559 1703 673 1762 autem
698 1715 804 1784 opera
828 1693 962 1784 publiea
987 1695 1075 1764 vitiis
1100 1694 1276 1778 laborant,

299 1834 386 1906 quae
437 1806 734 1878 condemnavimus
786 1828 889 1898 supra
934 1807 970 1877 in
1010 1808 1276 1879 institutionibus

299 1927 433 1996 Bassus
467 1920 616 2000 voeatis,
650 1919 704 1988 in·
720 1919 834 1989 Gallia.
895 1920 1010 2002 Quum
1036 1931 1148 1991 autem
1174 1945 1280 2014 opera

299 2038 439 2108 rudiora
464 2043 498 2104 et
522 2032 740 2112 molestiora,
766 2027 865 2124 (quae
890 2032 934 2100 ad
957 2033 1090 2104 luorum
1113 2035 1277 2127 pecunia-

302 2150 391 2218 rium
424 2143 679 2238 producendum
714 2142 853 2211 diversis
879 2142 1047 2228 inlotis,
1085 2147 1220 2217 nonnisi
1243 2146 1277 2216 in

301 2260 457 2354 publico,
491 2257 603 2326 lorum
638 2255 761 2326 habere
787 2267 931 2348 possunt
941 2258 961 2353 ‚)
995 2283 1071 2329 mea
1096 2260 1279 2352 opinione,

303 2371 539 2468 conjungenda
572 2369 638 2438 sint
665 2392 742 2438 oum
767 2393 879 2460 poena
904 2371 1125 2452 seclusionis,
1165 2371 1280 2441 brevi-

303 2497 355 2556 ter
391 2483 561 2557 annotabo
595 2480 752 2548 universe
777 2481 952 2571 quomodo
978 2483 1176 2574 applicanda
1202 2483 1280 2557 siut.

303 2602 394 2670 Infra
434 2592 673 2665 demonstrabo
720 2591 871 2682 captivos
918 2602 1047 2665 tantum
1094 2595 1183 2666 ultra
1234 2598 1279 2665 10

305 2735 412 2784 annos
455 2708 725 2786 condemnatoS,
778 2705 821 2774 ad
863 2728 969 2798 opera
1008 2709 1142 2800 publica
1184 2710 1281 2780 adbi-

302 2825 431 2896 bendos
458 2845 551 2901 esse,
578 2829 611 2887 et
635 2818 776 2886 hiberno
805 2827 958 2908 tempore
985 2831 1059 2890 oet:
1086 2845 1191 2914 quum
1212 2823 1280 2900 im.

305 2938 485 3029 pediuntur
527 2929 623 3019 operi
665 2951 804 3009 vacare,
852 2931 1006 3021 Systema
1046 2933 1279 3024 Virginianum

308 3045 465 3116 sellulare
491 3039 726 3132 applicandum
751 3062 835 3108 esse.

352 3156 504 3226 Labores
525 3151 679 3221 rudiores
701 3151 1002 3244 molestioresque,
1025 3157 1067 3226 ad
1083 3179 1229 3250 aggeres
1247 3169 1282 3228 et

306 3272 531 3349 munimenta,
548 3266 591 3336 ad
608 3265 722 3334 obires
740 3266 897 3360 aquarios
914 3276 983 3336 cet:
1003 3291 1077 3338 esse
1091 3269 1278 3366 debebunt:

308 3385 425 3456 civitas
451 3382 498 3451 eis
524 3381 599 3472 ipsa
623 3378 673 3446 uti
698 3388 830 3470 potest,
857 3387 916 3447 aut
941 3403 1063 3472 eogere
1090 3385 1280 3454 conducto-

307 3500 362 3567 res
397 3515 539 3588 operum
569 3491 781 3582 publicorum
807 3501 845 3560 nt
872 3513 931 3561 eos
958 3493 1155 3578 adhibeant,
1189 3521 1279 3568 mer·

308 3611 445 3680 oedibus
473 3603 662 3676 constitutis
687 3601 743 3698 (1).

303 3805 573 3823 mmu—

346 3927 396 4004 (l)
416 3922 445 3984 st
465 3931 519 3984 rite
549 3927 748 3998 adhiberetur,
786 3939 903 3986 eventus
935 3933 1025 4003 majus
1054 3933 1164 3986 lucrum
1184 3928 1284 3986 affeme

307 4021 458 4076 debuisset.
498 4016 527 4073 Si
545 4021 645 4074 relatio
666 4020 734 4074 nob.
759 4017 921 4075 Tuurmrnu
942 4040 1008 4076 vera
1028 4031 1087 4088 est,
1106 4039 1181 4074 anno
1195 4016 1285 4087 1838,

312 4111 439 4168 Minister
466 4107 593 4167 Marinae
618 4112 649 4164 in
675 4108 764 4166 Gallia
791 4112 895 4166 lucrari
925 4113 1061 4185 potuisset
1087 4107 1213 4181 {immo
1230 4113 1282 4167 irs.

310 4205 410 4276 quovis
451 4220 545 4270 anno,
588 4201 612 4258 si
654 4203 716 4257 ioco
754 4201 945 4258 maleficorum
986 4204 1023 4258 ad
1060 4221 1146 4276 opera
1186 4214 1284 4260 coacta
