2926 5034
729 469 814 570 'ee

299 686 440 758 diversis
478 681 588 754 modis
621 683 722 755 laesa.
774 681 915 774 Saepius
941 690 1055 754 autem
1080 683 1274 756 elastieitate

299 810 380 894 post
413 797 655 870 relaxationem
694 794 828 890 laquei,
869 795 904 866 in
937 803 1059 866 statum
1097 797 1276 888 pristinum

299 911 396 982 redit.

348 1026 393 1096 Ut
425 1022 562 1093 brevius
595 1045 667 1092 rem
702 1030 865 1101 tractem,
903 1021 1080 1092 nonnullas
1107 1021 1274 1116 objectio-

299 1161 359 1209 nes
391 1147 510 1208 eontra
534 1146 679 1206 mortem
704 1134 948 1227 apopleotioam
972 1133 1007 1202 in
1034 1136 1274 1224 suspensione,

299 1275 376 1323 oum
402 1259 512 1320 morte
538 1248 730 1342 asphyotiea
743 1247 960 1340 ,conjunctim
984 1246 1147 1316 tractabo.

349 1367 391 1434 11.
441 1365 542 1435 Mons
569 1383 741 1432 sarnum
765 1381 969 1442 rnonuurn,
1007 1381 1081 1430 srvn
1106 1381 1276 1430 uncnaru-

300 1500 343 1548 ee
367 1497 589 1548 ramnnrrroun
615 1495 886 1544 asseruerimus.
1055 1545 1058 1551 ,

351 1589 497 1672 Quando
523 1587 724 1656 assentimur
749 1583 939 1676 praecipuis
964 1583 1153 1652 fautoribus
1178 1585 1278 1680 hujus

301 1699 470 1794 opinionis
498 1696 546 1793 (1)
580 1708 652 1768 tum
688 1698 729 1767 iis
764 1697 823 1791 qui
855 1703 1000 1764 mortem
1028 1718 1072 1762 ex
1097 1698 1279 1788 apoplexia

303 1814 385 1884 oriri
410 1821 580 1893 statuunt,
617 1811 763 1905 objicere
789 1829 991 1904 possumus,
1024 1829 1280 1902 nonnumquam

306 1935 533 2021 symptomata
572 1925 691 1996 mortis
730 1947 792 2016 per
830 1919 1105 2014 suspensionem,
1143 1945 1281 2015 quoque
1338 2015 1343 2024 ι

305 2040 473 2134 proferri,
511 2039 570 2108 uhi
602 2039 738 2107 minime
764 2059 838 2106 eam
863 2044 902 2105 ut
927 2054 1063 2105 causam
1087 2032 1280 2124 primariam

308 2153 484 2224 admittere
517 2172 711 2243 possumus.
767 2151 805 2220 ln
836 2149 958 2240 angina
982 2153 1181 2224 suffocativa
1205 2171 1282 2219 om-

306 2265 363 2337 nia
413 2274 639 2360 symptomata
681 2262 909 2355 oongestionis
944 2265 1122 2336 cerebralis
1163 2263 1283 2332 obser-

308 2402 447 2462 vamus,
499 2378 617 2448 oeulos
659 2376 888 2466 prominentes
930 2377 1095 2468 injectos,
1136 2375 1286 2465 linguam

308 2494 469 2564 tumidam
506 2501 540 2559 et
571 2487 707 2556 lividam
740 2494 837 2554 extra
870 2486 985 2556 dentes
1020 2497 1054 2556 et
1086 2487 1174 2558 labia
1198 2509 1285 2578 pen-

310 2606 443 2673 dentem
455 2652 468 2684 ,.
496 2621 652 2694 spumam
679 2621 724 2666 ex
749 2620 809 2667 ore
836 2598 1037 2670 defluentem
1063 2610 1146 2672 oet..
1172 2609 1206 2670 et
1231 2610 1286 2670 ta-

309 2739 388 2786 men
412 2716 459 2786 ibi
485 2713 658 2807 congestio
676 2713 783 2806 magis
801 2715 997 2785 secundario
1013 2724 1075 2785 est.
1126 2713 1285 2784 Colorem

352 3020 400 3095 (1)
430 3019 603 3076 Miseratus
631 3018 763 3076 Dosarns
804 3017 876 3076 Hist.
908 3019 1009 3076 Medic.
1040 3019 1142 3076 Mirab.
1169 3022 1219 3076 lib.
1246 3020 1291 3079 vl

313 3107 383 3185 Gap.
403 3109 441 3177 93
462 3109 516 3166 Eu.
538 3107 690 3166 Tnausror
709 3111 743 3166 de
763 3113 953 3186 respirationis
974 3131 1046 3179 usu,
1065 3109 1188 3168 London
1201 3107 1275 3168 1760
1286 3164 1294 3189 ⁸

314 3200 467 3258 cinnanos
489 3203 537 3257 lib.
557 3197 585 3257 3.
604 3211 688 3256 tract.
707 3199 736 3256 2.
756 3213 848 3256 contr.
870 3199 907 3270 7,
944 3199 1117 3257 (ianuarum
1138 3203 1172 3258 de
1190 3205 1288 3258 mirac.
1411 3215 1415 3220 '

313 3304 399 3350 mort.
420 3293 468 3348 lib.
488 3289 515 3348 3.
536 3294 580 3348 tit.
600 3287 627 3347 lt.
649 3290 663 3365 §
683 3287 729 3358 50.
749 3313 777 3365 p.
791 3288 873 3346 1235.
913 3289 1069 3362 zacceus,
1088 3305 1194 3366 quaest.
1213 3295 1288 3350 med.

315 3387 367 3460 leg.
387 3385 436 3440 tib.
446 3380 474 3440 9.
493 3404 522 3458 p.
533 3381 607 3452 697,
626 3381 774 3438 Rnnursms
794 3379 888 3437 Schol.
908 3379 1166 3440 Jureconsdtted.
1187 3385 1234 3440 lib.
1245 3382 1287 3442 lv

315 3485 383 3531 sect.
411 3470 439 3529 4.
470 3495 498 3547 p.
529 3470 603 3541 585,
631 3470 811 3528 Moaoaauus
834 3472 886 3526 loc.
907 3474 954 3528 cit.
975 3484 1029 3529 art.
1059 3471 1117 3546 38,
1147 3493 1183 3532 nn
1205 3474 1288 3530 Hans

279 3597 283 3608 ·
313 3564 398 3621 Ratio
430 3561 561 3618 Medendi
586 3572 655 3615 tom.
686 3559 752 3618 XV.
782 3559 892 3618 Vinnae
924 3559 1018 3632 1776,
1047 3564 1091 3621 ct.
1118 3583 1173 3622 vau
1194 3565 1289 3621 Genus

315 3656 378 3708 diss.
398 3653 433 3705 de
452 3661 544 3704 morte
564 3649 578 3723 5
601 3647 645 3704 15.
675 3671 702 3722 p.
726 3647 771 3705 16.
810 3649 840 3710 J·
860 3649 893 3706 B.
915 3649 1036 3709 Heraea
1062 3657 1126 3711 diss.
1156 3658 1190 3711 de
1212 3675 1289 3710 caus·

313 3745 434 3814 improv.
455 3737 619 3796 vindobon.
642 3736 736 3810 1782,
753 3739 786 3797 F.
803 3739 946 3811 Damam,
966 3740 1132 3820 Sammlung
1145 3744 1291 3801 Medicini·

314 3831 396 3888 acher
424 3828 584 3887 Gutachten
610 3834 671 3888 und
700 3830 854 3908 Zeugnisse.
884 3832 994 3908 Lipsiae
1016 3833 1108 3905 1766,
1142 3835 1173 3895 J.
1192 3835 1290 3892 Bnm

313 3919 449 3995 Beytrege
468 3941 520 3977 znr
537 3923 739 3998 gerichtlichen
755 3923 960 3998 draneykunde
979 3926 1027 3980 tur
1043 3935 1153 3996 sertae,
1175 3925 1292 3982 Wund-

314 4017 389 4070 iirzte
418 4013 479 4067 nnd
508 4011 744 4089 Reehugetehrte.
787 4013 873 4071 Wien
900 4010 983 4070 1823.
1031 4014 1142 4072 Brontn
1170 4016 1294 4073 liether-

316 4103 382 4161 ehes
410 4101 490 4180 phpa.
519 4123 569 4162 sur
597 4109 624 4166 ia
655 4109 697 4163 rie
725 4117 755 4162 et
781 4107 808 4161 ia
839 4116 934 4172 morta
962 4103 1134 4164 chnnnrun
1160 4109 1294 4166 elementa

313 4202 348 4256 de
369 4196 448 4272 phys.
