<?xml version="1.0" encoding="UTF-8"?>
<!DOCTYPE html PUBLIC "-//W3C//DTD XHTML 1.0 Transitional//EN"
    "http://www.w3.org/TR/xhtml1/DTD/xhtml1-transitional.dtd">
<html xmlns="http://www.w3.org/1999/xhtml" xml:lang="en" lang="en">
 <head>
  <title>
</title>
<meta http-equiv="Content-Type" content="text/html;charset=utf-8" />
  <meta name='ocr-system' content='tesseract 3.04.00' />
  <meta name='ocr-capabilities' content='ocr_page ocr_carea ocr_par ocr_line ocrx_word'/>
</head>
<body>
  <div class='ocr_page' id='page_1' title='image "./depoenis00noltgoog_0126.png"; bbox 0 0 2922 5024; ppageno 0'>
   <div class='ocr_carea' id='block_1_1' title="bbox 751 464 820 532">
    <p class='ocr_par' dir='ltr' id='par_1_1' title="bbox 751 464 820 532">
     <span class='ocr_line' id='line_1_1' title="bbox 751 464 820 532; baseline 0 0"><span class='ocrx_word' id='word_1_1' title='bbox 751 464 820 532; x_wconf 83' lang='grc'><strong>112</strong></span> 
     </span>
    </p>
   </div>
   <div class='ocr_carea' id='block_1_2' title="bbox 295 643 1310 4227">
    <p class='ocr_par' dir='ltr' id='par_1_2' title="bbox 295 643 1310 1751">
     <span class='ocr_line' id='line_1_2' title="bbox 296 643 1268 742; baseline -0.006 -22"><span class='ocrx_word' id='word_1_2' title='bbox 296 656 432 742; x_wconf 80' lang='lat' dir='ltr'><strong>petuam</strong></span> <span class='ocrx_word' id='word_1_3' title='bbox 465 667 535 716; x_wconf 92' lang='lat' dir='ltr'><strong>non</strong></span> <span class='ocrx_word' id='word_1_4' title='bbox 568 665 676 738; x_wconf 87' lang='lat' dir='ltr'><strong>aeque</strong></span> <span class='ocrx_word' id='word_1_5' title='bbox 710 643 857 736; x_wconf 85' lang='lat' dir='ltr'><strong>affligere</strong></span> <span class='ocrx_word' id='word_1_6' title='bbox 889 645 1062 716; x_wconf 90' lang='lat' dir='ltr'><strong>bominem</strong></span> <span class='ocrx_word' id='word_1_7' title='bbox 1086 647 1135 716; x_wconf 98' lang='grc'><strong>20</strong></span> <span class='ocrx_word' id='word_1_8' title='bbox 1162 654 1196 715; x_wconf 85' lang='lat' dir='ltr'><strong>et</strong></span> <span class='ocrx_word' id='word_1_9' title='bbox 1220 643 1268 715; x_wconf 88' lang='grc'><strong>00</strong></span> 
     </span>
     <span class='ocr_line' id='line_1_3' title="bbox 295 756 1270 852; baseline -0.006 -20"><span class='ocrx_word' id='word_1_10' title='bbox 295 781 485 842; x_wconf 87' lang='lat' dir='ltr'><strong>annorum,</strong></span> <span class='ocrx_word' id='word_1_11' title='bbox 520 756 580 828; x_wconf 93' lang='lat' dir='ltr'><strong>sed</strong></span> <span class='ocrx_word' id='word_1_12' title='bbox 606 779 712 828; x_wconf 91' lang='lat' dir='ltr'><strong>annus</strong></span> <span class='ocrx_word' id='word_1_13' title='bbox 737 780 824 828; x_wconf 89' lang='lat' dir='ltr'><strong>unus</strong></span> <span class='ocrx_word' id='word_1_14' title='bbox 849 758 885 828; x_wconf 94' lang='lat' dir='ltr'><strong>in</strong></span> <span class='ocrx_word' id='word_1_15' title='bbox 910 759 1134 851; x_wconf 70' lang='lat' dir='ltr'><strong>proportione</strong></span> <span class='ocrx_word' id='word_1_16' title='bbox 1159 758 1270 852; x_wconf 89' lang='lat' dir='ltr'><strong>majo-</strong></span> 
     </span>
     <span class='ocr_line' id='line_1_4' title="bbox 295 869 1272 966; baseline -0.004 -22"><span class='ocrx_word' id='word_1_17' title='bbox 295 876 342 944; x_wconf 87' lang='lat' dir='ltr'><strong>ris</strong></span> <span class='ocrx_word' id='word_1_18' title='bbox 375 872 475 966; x_wconf 91' lang='lat' dir='ltr'><strong>pretii</strong></span> <span class='ocrx_word' id='word_1_19' title='bbox 508 869 572 940; x_wconf 92' lang='lat' dir='ltr'><strong>erit</strong></span> <span class='ocrx_word' id='word_1_20' title='bbox 606 870 888 962; x_wconf 86' lang='lat' dir='ltr'><strong>septuagenario,</strong></span> <span class='ocrx_word' id='word_1_21' title='bbox 924 893 1027 962; x_wconf 88' lang='lat' dir='ltr'><strong>quam</strong></span> <span class='ocrx_word' id='word_1_22' title='bbox 1052 872 1167 963; x_wconf 91' lang='lat' dir='ltr'><strong>plures</strong></span> <span class='ocrx_word' id='word_1_23' title='bbox 1192 871 1272 941; x_wconf 90' lang='lat' dir='ltr'><strong>anni</strong></span> 
     </span>
     <span class='ocr_line' id='line_1_5' title="bbox 296 983 1270 1078; baseline -0.005 -21"><span class='ocrx_word' id='word_1_24' title='bbox 296 985 428 1058; x_wconf 88' lang='lat' dir='ltr'><strong>bomini</strong></span> <span class='ocrx_word' id='word_1_25' title='bbox 449 983 589 1078; x_wconf 90' lang='lat' dir='ltr'><strong>juniori.</strong></span> <span class='ocrx_word' id='word_1_26' title='bbox 637 983 757 1076; x_wconf 83' lang='lat' dir='ltr'><strong>Aeque</strong></span> <span class='ocrx_word' id='word_1_27' title='bbox 782 1005 900 1053; x_wconf 86' lang='lat' dir='ltr'><strong>verum</strong></span> <span class='ocrx_word' id='word_1_28' title='bbox 928 993 1002 1065; x_wconf 91' lang='lat' dir='ltr'><strong>est,</strong></span> <span class='ocrx_word' id='word_1_29' title='bbox 1028 985 1270 1076; x_wconf 80' lang='lat' dir='ltr'><strong>cogitationem</strong></span> 
     </span>
     <span class='ocr_line' id='line_1_6' title="bbox 296 1095 1310 1194; baseline -0.005 -24"><span class='ocrx_word' id='word_1_30' title='bbox 296 1098 493 1170; x_wconf 88' lang='lat' dir='ltr'><strong>seclusionis</strong></span> <span class='ocrx_word' id='word_1_31' title='bbox 520 1104 726 1188; x_wconf 82' lang='lat' dir='ltr'>perpetuae,</span> <span class='ocrx_word' id='word_1_32' title='bbox 752 1095 846 1164; x_wconf 91' lang='lat' dir='ltr'><strong>omni</strong></span> <span class='ocrx_word' id='word_1_33' title='bbox 871 1117 931 1188; x_wconf 90' lang='lat' dir='ltr'><strong>spe</strong></span> <span class='ocrx_word' id='word_1_34' title='bbox 952 1096 1158 1194; x_wconf 83' lang='lat' dir='ltr'><strong>liberationis</strong></span> <span class='ocrx_word' id='word_1_35' title='bbox 1186 1096 1271 1166; x_wconf 95' lang='lat' dir='ltr'><strong>sub-</strong></span> <span class='ocrx_word' id='word_1_36' title='bbox 1300 1109 1310 1115; x_wconf 89' lang='grc'><strong>“</strong></span> 
     </span>
     <span class='ocr_line' id='line_1_7' title="bbox 297 1207 1273 1300; baseline -0.005 -17"><span class='ocrx_word' id='word_1_37' title='bbox 297 1213 388 1294; x_wconf 87' lang='lat' dir='ltr'><strong>lata,</strong></span> <span class='ocrx_word' id='word_1_38' title='bbox 414 1207 659 1281; x_wconf 88' lang='lat' dir='ltr'><strong>amelioraticni</strong></span> <span class='ocrx_word' id='word_1_39' title='bbox 674 1207 796 1278; x_wconf 88' lang='lat' dir='ltr'><strong>morali</strong></span> <span class='ocrx_word' id='word_1_40' title='bbox 811 1208 887 1300; x_wconf 92' lang='lat' dir='ltr'><strong>plus</strong></span> <span class='ocrx_word' id='word_1_41' title='bbox 904 1209 1013 1278; x_wconf 90' lang='lat' dir='ltr'><strong>minus</strong></span> <span class='ocrx_word' id='word_1_42' title='bbox 1030 1209 1185 1291; x_wconf 88' lang='lat' dir='ltr'><strong>obstare,</strong></span> <span class='ocrx_word' id='word_1_43' title='bbox 1211 1210 1273 1278; x_wconf 92' lang='lat' dir='ltr'><strong>sed</strong></span> 
     </span>
     <span class='ocr_line' id='line_1_8' title="bbox 297 1320 1272 1414; baseline -0.006 -16"><span class='ocrx_word' id='word_1_44' title='bbox 297 1323 507 1398; x_wconf 79' lang='lat' dir='ltr'><strong>amelioratio</strong></span> <span class='ocrx_word' id='word_1_45' title='bbox 532 1320 675 1392; x_wconf 86' lang='lat' dir='ltr'><strong>malefici</strong></span> <span class='ocrx_word' id='word_1_46' title='bbox 700 1320 839 1414; x_wconf 84' lang='lat' dir='ltr'><strong>alicujus</strong></span> <span class='ocrx_word' id='word_1_47' title='bbox 865 1344 945 1392; x_wconf 89' lang='lat' dir='ltr'><strong>saue</strong></span> <span class='ocrx_word' id='word_1_48' title='bbox 972 1322 1133 1392; x_wconf 87' lang='lat' dir='ltr'><strong>momenti</strong></span> <span class='ocrx_word' id='word_1_49' title='bbox 1158 1321 1272 1392; x_wconf 87' lang='lat' dir='ltr'><strong>estin</strong></span> 
     </span>
     <span class='ocr_line' id='line_1_9' title="bbox 296 1433 1272 1532; baseline -0.006 -22"><span class='ocrx_word' id='word_1_50' title='bbox 296 1438 492 1532; x_wconf 91' lang='lat' dir='ltr'><strong>puniendo,</strong></span> <span class='ocrx_word' id='word_1_51' title='bbox 525 1455 697 1526; x_wconf 87' lang='lat' dir='ltr'><strong>nunquam</strong></span> <span class='ocrx_word' id='word_1_52' title='bbox 725 1441 838 1502; x_wconf 88' lang='lat' dir='ltr'><strong>autem</strong></span> <span class='ocrx_word' id='word_1_53' title='bbox 863 1433 1064 1525; x_wconf 90' lang='lat' dir='ltr'><strong>requisitum</strong></span> <span class='ocrx_word' id='word_1_54' title='bbox 1088 1433 1272 1526; x_wconf 77' lang='lat' dir='ltr'><strong>principale</strong></span> 
     </span>
     <span class='ocr_line' id='line_1_10' title="bbox 295 1546 1272 1644; baseline -0.005 -23"><span class='ocrx_word' id='word_1_55' title='bbox 295 1573 438 1644; x_wconf 90' lang='lat' dir='ltr'><strong>poenae.</strong></span> <span class='ocrx_word' id='word_1_56' title='bbox 488 1548 625 1616; x_wconf 88' lang='lat' dir='ltr'><strong>Sumtus</strong></span> <span class='ocrx_word' id='word_1_57' title='bbox 650 1546 799 1637; x_wconf 89' lang='lat' dir='ltr'><strong>majores</strong></span> <span class='ocrx_word' id='word_1_58' title='bbox 825 1555 916 1613; x_wconf 89' lang='lat' dir='ltr'><strong>certe</strong></span> <span class='ocrx_word' id='word_1_59' title='bbox 940 1555 1034 1614; x_wconf 89' lang='lat' dir='ltr'><strong>recte</strong></span> <span class='ocrx_word' id='word_1_60' title='bbox 1061 1546 1162 1638; x_wconf 90' lang='lat' dir='ltr'><strong>objici</strong></span> <span class='ocrx_word' id='word_1_61' title='bbox 1187 1568 1272 1638; x_wconf 88' lang='lat' dir='ltr'><strong>pos-</strong></span> 
     </span>
     <span class='ocr_line' id='line_1_11' title="bbox 298 1655 1271 1751; baseline -0.004 -19"><span class='ocrx_word' id='word_1_62' title='bbox 298 1671 398 1742; x_wconf 87' lang='lat' dir='ltr'><strong>sunt,</strong></span> <span class='ocrx_word' id='word_1_63' title='bbox 426 1659 485 1751; x_wconf 88' lang='lat' dir='ltr'><strong>qui</strong></span> <span class='ocrx_word' id='word_1_64' title='bbox 509 1667 622 1726; x_wconf 88' lang='lat' dir='ltr'><strong>tamen</strong></span> <span class='ocrx_word' id='word_1_65' title='bbox 648 1655 807 1724; x_wconf 91' lang='lat' dir='ltr'><strong>institutis</strong></span> <span class='ocrx_word' id='word_1_66' title='bbox 834 1655 920 1746; x_wconf 91' lang='lat' dir='ltr'><strong>aptis</strong></span> <span class='ocrx_word' id='word_1_67' title='bbox 945 1656 1099 1728; x_wconf 91' lang='lat' dir='ltr'><strong>imminui</strong></span> <span class='ocrx_word' id='word_1_68' title='bbox 1116 1668 1271 1749; x_wconf 74' lang='lat' dir='ltr'><strong>possunt</strong></span> 
     </span>
    </p>

    <p class='ocr_par' dir='ltr' id='par_1_3' title="bbox 300 1767 1277 2970">
     <span class='ocr_line' id='line_1_12' title="bbox 346 1767 1273 1862; baseline -0.004 -18"><span class='ocrx_word' id='word_1_69' title='bbox 346 1775 439 1844; x_wconf 87' lang='lat' dir='ltr'><strong>Haec</strong></span> <span class='ocrx_word' id='word_1_70' title='bbox 463 1771 498 1842; x_wconf 91' lang='lat' dir='ltr'><strong>in</strong></span> <span class='ocrx_word' id='word_1_71' title='bbox 522 1779 701 1862; x_wconf 86' lang='lat' dir='ltr'><strong>utramque</strong></span> <span class='ocrx_word' id='word_1_72' title='bbox 725 1776 857 1860; x_wconf 87' lang='lat' dir='ltr'><strong>partem</strong></span> <span class='ocrx_word' id='word_1_73' title='bbox 882 1767 1052 1859; x_wconf 86' lang='lat' dir='ltr'><strong>disputata</strong></span> <span class='ocrx_word' id='word_1_74' title='bbox 1076 1770 1273 1853; x_wconf 82' lang='lat' dir='ltr'><strong>effecerunt,</strong></span> 
     </span>
     <span class='ocr_line' id='line_1_13' title="bbox 300 1881 1274 1975; baseline -0.002 -19"><span class='ocrx_word' id='word_1_75' title='bbox 300 1886 524 1956; x_wconf 91' lang='lat' dir='ltr'><strong>seclusionem</strong></span> <span class='ocrx_word' id='word_1_76' title='bbox 556 1891 756 1975; x_wconf 85' lang='lat' dir='ltr'><strong>perpetuam</strong></span> <span class='ocrx_word' id='word_1_77' title='bbox 789 1881 855 1952; x_wconf 90' lang='lat' dir='ltr'><strong>alio</strong></span> <span class='ocrx_word' id='word_1_78' title='bbox 889 1889 1044 1973; x_wconf 91' lang='lat' dir='ltr'><strong>tempore</strong></span> <span class='ocrx_word' id='word_1_79' title='bbox 1070 1881 1274 1965; x_wconf 89' lang='lat' dir='ltr'><strong>admissam,</strong></span> 
     </span>
     <span class='ocr_line' id='line_1_14' title="bbox 300 1994 1275 2091; baseline -0.007 -20"><span class='ocrx_word' id='word_1_80' title='bbox 300 2001 366 2072; x_wconf 89' lang='lat' dir='ltr'><strong>alio</strong></span> <span class='ocrx_word' id='word_1_81' title='bbox 400 2009 554 2091; x_wconf 90' lang='lat' dir='ltr'><strong>tempore</strong></span> <span class='ocrx_word' id='word_1_82' title='bbox 593 1997 752 2089; x_wconf 89' lang='lat' dir='ltr'><strong>rejectam</strong></span> <span class='ocrx_word' id='word_1_83' title='bbox 790 2015 875 2064; x_wconf 91' lang='lat' dir='ltr'><strong>esse.</strong></span> <span class='ocrx_word' id='word_1_84' title='bbox 925 1995 965 2064; x_wconf 92' lang='lat' dir='ltr'><strong>ln</strong></span> <span class='ocrx_word' id='word_1_85' title='bbox 991 1994 1119 2077; x_wconf 86' lang='lat' dir='ltr'><strong>Gallia,</strong></span> <span class='ocrx_word' id='word_1_86' title='bbox 1154 1997 1275 2066; x_wconf 91' lang='lat' dir='ltr'><strong>concio</strong></span> 
     </span>
     <span class='ocr_line' id='line_1_15' title="bbox 301 2107 1275 2189; baseline -0.004 -6"><span class='ocrx_word' id='word_1_87' title='bbox 301 2113 356 2183; x_wconf 90' lang='lat' dir='ltr'><strong>cui</strong></span> <span class='ocrx_word' id='word_1_88' title='bbox 380 2133 505 2180; x_wconf 90' lang='lat' dir='ltr'><strong>nomen</strong></span> <span class='ocrx_word' id='word_1_89' title='bbox 529 2109 705 2178; x_wconf 76' lang='lat' dir='ltr'><strong>Assemblde</strong></span> <span class='ocrx_word' id='word_1_90' title='bbox 734 2107 967 2189; x_wconf 71' lang='lat' dir='ltr'><strong>constituente,</strong></span> <span class='ocrx_word' id='word_1_91' title='bbox 995 2107 1043 2175; x_wconf 78' lang='grc'><strong>21</strong></span> <span class='ocrx_word' id='word_1_92' title='bbox 1070 2130 1175 2178; x_wconf 85' lang='lat' dir='ltr'><strong>annos</strong></span> <span class='ocrx_word' id='word_1_93' title='bbox 1202 2117 1275 2179; x_wconf 90' lang='lat' dir='ltr'><strong>sta-</strong></span> 
     </span>
     <span class='ocr_line' id='line_1_16' title="bbox 302 2218 1277 2300; baseline -0.002 -8"><span class='ocrx_word' id='word_1_94' title='bbox 302 2223 366 2294; x_wconf 92' lang='lat' dir='ltr'><strong>tuit</strong></span> <span class='ocrx_word' id='word_1_95' title='bbox 398 2231 437 2291; x_wconf 90' lang='lat' dir='ltr'><strong>ut</strong></span> <span class='ocrx_word' id='word_1_96' title='bbox 469 2219 674 2300; x_wconf 83' lang='lat' dir='ltr'><strong>maximum,</strong></span> <span class='ocrx_word' id='word_1_97' title='bbox 710 2218 830 2290; x_wconf 85' lang='lat' dir='ltr'><strong>Codex</strong></span> <span class='ocrx_word' id='word_1_98' title='bbox 854 2219 1009 2290; x_wconf 86' lang='lat' dir='ltr'><strong>Poenalis</strong></span> <span class='ocrx_word' id='word_1_99' title='bbox 1039 2220 1133 2290; x_wconf 91' lang='grc'><strong>1810</strong></span> <span class='ocrx_word' id='word_1_100' title='bbox 1158 2243 1277 2292; x_wconf 89' lang='lat' dir='ltr'><strong>rursus</strong></span> 
     </span>
     <span class='ocr_line' id='line_1_17' title="bbox 304 2331 1277 2422; baseline -0.002 -15"><span class='ocrx_word' id='word_1_101' title='bbox 304 2334 438 2408; x_wconf 85' lang='lat' dir='ltr'><strong>admisit</strong></span> <span class='ocrx_word' id='word_1_102' title='bbox 472 2331 696 2402; x_wconf 90' lang='lat' dir='ltr'><strong>seclusionem</strong></span> <span class='ocrx_word' id='word_1_103' title='bbox 730 2339 948 2422; x_wconf 87' lang='lat' dir='ltr'><strong>perpetuam,</strong></span> <span class='ocrx_word' id='word_1_104' title='bbox 990 2339 1023 2400; x_wconf 91' lang='lat' dir='ltr'><strong>et</strong></span> <span class='ocrx_word' id='word_1_105' title='bbox 1056 2355 1145 2404; x_wconf 86' lang='lat' dir='ltr'><strong>anno</strong></span> <span class='ocrx_word' id='word_1_106' title='bbox 1183 2335 1277 2405; x_wconf 88' lang='grc'><strong>1832</strong></span> 
     </span>
     <span class='ocr_line' id='line_1_18' title="bbox 303 2441 1276 2544; baseline -0.003 -25"><span class='ocrx_word' id='word_1_107' title='bbox 303 2471 409 2544; x_wconf 85' lang='lat' dir='ltr'><strong>quum</strong></span> <span class='ocrx_word' id='word_1_108' title='bbox 445 2449 582 2518; x_wconf 81' lang='lat' dir='ltr'><strong>Camere</strong></span> <span class='ocrx_word' id='word_1_109' title='bbox 608 2447 777 2514; x_wconf 84' lang='lat' dir='ltr'><strong>electorum</strong></span> <span class='ocrx_word' id='word_1_110' title='bbox 811 2441 979 2535; x_wconf 83' lang='lat' dir='ltr'><strong>(chambre</strong></span> <span class='ocrx_word' id='word_1_111' title='bbox 1014 2442 1072 2512; x_wconf 91' lang='lat' dir='ltr'><strong>des</strong></span> <span class='ocrx_word' id='word_1_112' title='bbox 1105 2446 1276 2543; x_wconf 75' lang='lat' dir='ltr'><strong>deputes),</strong></span> 
     </span>
     <span class='ocr_line' id='line_1_19' title="bbox 304 2553 1277 2650; baseline -0.001 -19"><span class='ocrx_word' id='word_1_113' title='bbox 304 2561 346 2631; x_wconf 91' lang='lat' dir='ltr'><strong>dc</strong></span> <span class='ocrx_word' id='word_1_114' title='bbox 379 2558 445 2627; x_wconf 90' lang='lat' dir='ltr'><strong>boc</strong></span> <span class='ocrx_word' id='word_1_115' title='bbox 475 2564 674 2648; x_wconf 86' lang='lat' dir='ltr'><strong>argumento</strong></span> <span class='ocrx_word' id='word_1_116' title='bbox 701 2553 844 2645; x_wconf 85' lang='lat' dir='ltr'><strong>agebat,</strong></span> <span class='ocrx_word' id='word_1_117' title='bbox 880 2577 955 2624; x_wconf 86' lang='lat' dir='ltr'><strong>eam</strong></span> <span class='ocrx_word' id='word_1_118' title='bbox 981 2577 1117 2626; x_wconf 88' lang='lat' dir='ltr'><strong>servare</strong></span> <span class='ocrx_word' id='word_1_119' title='bbox 1142 2560 1277 2650; x_wconf 90' lang='lat' dir='ltr'><strong>placuit.</strong></span> 
     </span>
     <span class='ocr_line' id='line_1_20' title="bbox 303 2667 1277 2749; baseline 0 -7"><span class='ocrx_word' id='word_1_120' title='bbox 303 2675 340 2742; x_wconf 93' lang='lat' dir='ltr'><strong>ln</strong></span> <span class='ocrx_word' id='word_1_121' title='bbox 377 2673 466 2742; x_wconf 91' lang='lat' dir='ltr'><strong>Bem</strong></span> <span class='ocrx_word' id='word_1_122' title='bbox 509 2668 756 2740; x_wconf 89' lang='lat' dir='ltr'><strong>constituerunt</strong></span> <span class='ocrx_word' id='word_1_123' title='bbox 796 2667 832 2738; x_wconf 94' lang='lat' dir='ltr'><strong>in</strong></span> <span class='ocrx_word' id='word_1_124' title='bbox 878 2668 992 2749; x_wconf 78' lang='lat'><strong>1835,</strong></span> <span class='ocrx_word' id='word_1_125' title='bbox 1031 2674 1277 2742; x_wconf 75' lang='grc'><strong>0000020111</strong></span> 
     </span>
     <span class='ocr_line' id='line_1_21' title="bbox 301 2781 1276 2878; baseline -0.002 -20"><span class='ocrx_word' id='word_1_126' title='bbox 301 2786 507 2867; x_wconf 79' lang='lat' dir='ltr'><strong>maximum,</strong></span> <span class='ocrx_word' id='word_1_127' title='bbox 542 2793 576 2854; x_wconf 90' lang='lat' dir='ltr'><strong>et</strong></span> <span class='ocrx_word' id='word_1_128' title='bbox 601 2784 737 2852; x_wconf 85' lang='lat' dir='ltr'><strong>decreto</strong></span> <span class='ocrx_word' id='word_1_129' title='bbox 766 2783 807 2852; x_wconf 95' lang='grc'><strong>11</strong></span> <span class='ocrx_word' id='word_1_130' title='bbox 837 2783 918 2850; x_wconf 91' lang='lat' dir='ltr'><strong>Dec.</strong></span> <span class='ocrx_word' id='word_1_131' title='bbox 949 2781 1043 2852; x_wconf 85' lang='lat'><strong>1813</strong></span> <span class='ocrx_word' id='word_1_132' title='bbox 1069 2783 1159 2854; x_wconf 92' lang='lat' dir='ltr'><strong>idem</strong></span> <span class='ocrx_word' id='word_1_133' title='bbox 1185 2785 1276 2878; x_wconf 90' lang='lat' dir='ltr'><strong>apud</strong></span> 
     </span>
     <span class='ocr_line' id='line_1_22' title="bbox 303 2895 679 2970; baseline -0.019 -1"><span class='ocrx_word' id='word_1_134' title='bbox 303 2922 367 2970; x_wconf 88' lang='lat' dir='ltr'><strong>nos</strong></span> <span class='ocrx_word' id='word_1_135' title='bbox 392 2899 427 2966; x_wconf 92' lang='lat' dir='ltr'><strong>in</strong></span> <span class='ocrx_word' id='word_1_136' title='bbox 452 2918 552 2965; x_wconf 90' lang='lat' dir='ltr'><strong>usum</strong></span> <span class='ocrx_word' id='word_1_137' title='bbox 578 2895 679 2962; x_wconf 91' lang='lat' dir='ltr'><strong>venit.</strong></span> 
     </span>
    </p>

    <p class='ocr_par' dir='ltr' id='par_1_4' title="bbox 303 3002 1281 3896">
     <span class='ocr_line' id='line_1_23' title="bbox 354 3002 1276 3096; baseline 0.002 -20"><span class='ocrx_word' id='word_1_138' title='bbox 354 3011 488 3077; x_wconf 88' lang='lat' dir='ltr'><strong>Geneve</strong></span> <span class='ocrx_word' id='word_1_139' title='bbox 522 3015 556 3072; x_wconf 93' lang='lat' dir='ltr'><strong>et</strong></span> <span class='ocrx_word' id='word_1_140' title='bbox 579 3002 701 3072; x_wconf 91' lang='lat' dir='ltr'><strong>Zurich</strong></span> <span class='ocrx_word' id='word_1_141' title='bbox 726 3005 870 3072; x_wconf 86' lang='lat' dir='ltr'><strong>fortasse</strong></span> <span class='ocrx_word' id='word_1_142' title='bbox 895 3003 1019 3073; x_wconf 90' lang='lat' dir='ltr'><strong>rectius</strong></span> <span class='ocrx_word' id='word_1_143' title='bbox 1046 3016 1188 3096; x_wconf 84' lang='lat' dir='ltr'><strong>egerunt</strong></span> <span class='ocrx_word' id='word_1_144' title='bbox 1214 3009 1276 3078; x_wconf 85' lang='lat' dir='ltr'><strong>ad-</strong></span> 
     </span>
     <span class='ocr_line' id='line_1_24' title="bbox 303 3114 1276 3209; baseline 0.001 -19"><span class='ocrx_word' id='word_1_145' title='bbox 303 3119 471 3190; x_wconf 89' lang='lat' dir='ltr'><strong>mittentes</strong></span> <span class='ocrx_word' id='word_1_146' title='bbox 506 3114 728 3186; x_wconf 89' lang='lat' dir='ltr'><strong>seclusionem</strong></span> <span class='ocrx_word' id='word_1_147' title='bbox 762 3123 979 3209; x_wconf 86' lang='lat' dir='ltr'><strong>perpetuam,</strong></span> <span class='ocrx_word' id='word_1_148' title='bbox 1014 3139 1054 3187; x_wconf 87' lang='lat' dir='ltr'><strong>ea</strong></span> <span class='ocrx_word' id='word_1_149' title='bbox 1079 3127 1192 3190; x_wconf 87' lang='lat' dir='ltr'><strong>tamen</strong></span> <span class='ocrx_word' id='word_1_150' title='bbox 1217 3145 1276 3192; x_wconf 88' lang='lat' dir='ltr'><strong>ra-</strong></span> 
     </span>
     <span class='ocr_line' id='line_1_25' title="bbox 303 3229 1277 3322; baseline 0 -17"><span class='ocrx_word' id='word_1_151' title='bbox 303 3234 416 3315; x_wconf 90' lang='lat' dir='ltr'><strong>tione,</strong></span> <span class='ocrx_word' id='word_1_152' title='bbox 449 3239 487 3302; x_wconf 94' lang='lat' dir='ltr'><strong>ut</strong></span> <span class='ocrx_word' id='word_1_153' title='bbox 520 3230 761 3300; x_wconf 88' lang='lat' dir='ltr'><strong>condemnatus</strong></span> <span class='ocrx_word' id='word_1_154' title='bbox 795 3253 859 3322; x_wconf 89' lang='lat' dir='ltr'><strong>pro</strong></span> <span class='ocrx_word' id='word_1_155' title='bbox 894 3229 1150 3304; x_wconf 84' lang='lat' dir='ltr'><strong>circumstantiis</strong></span> <span class='ocrx_word' id='word_1_156' title='bbox 1178 3235 1277 3304; x_wconf 90' lang='lat' dir='ltr'><strong>dimi-</strong></span> 
     </span>
     <span class='ocr_line' id='line_1_26' title="bbox 304 3345 1277 3441; baseline -0.001 -23"><span class='ocrx_word' id='word_1_157' title='bbox 304 3348 474 3420; x_wconf 84' lang='lat' dir='ltr'><strong>nutionem</strong></span> <span class='ocrx_word' id='word_1_158' title='bbox 507 3367 639 3436; x_wconf 88' lang='lat' dir='ltr'><strong>poenae</strong></span> <span class='ocrx_word' id='word_1_159' title='bbox 672 3352 751 3434; x_wconf 90' lang='lat' dir='ltr'><strong>post</strong></span> <span class='ocrx_word' id='word_1_160' title='bbox 784 3345 832 3412; x_wconf 91' lang='grc'><strong>20</strong></span> <span class='ocrx_word' id='word_1_161' title='bbox 867 3365 973 3414; x_wconf 88' lang='lat' dir='ltr'><strong>annos</strong></span> <span class='ocrx_word' id='word_1_162' title='bbox 1008 3345 1160 3417; x_wconf 86' lang='lat' dir='ltr'><strong>obtinere</strong></span> <span class='ocrx_word' id='word_1_163' title='bbox 1193 3369 1277 3441; x_wconf 92' lang='lat' dir='ltr'><strong>pos-</strong></span> 
     </span>
     <span class='ocr_line' id='line_1_27' title="bbox 306 3456 1280 3554; baseline 0.002 -24"><span class='ocrx_word' id='word_1_164' title='bbox 306 3470 380 3540; x_wconf 88' lang='lat' dir='ltr'><strong>set;</strong></span> <span class='ocrx_word' id='word_1_165' title='bbox 412 3481 483 3528; x_wconf 93' lang='lat' dir='ltr'><strong>non</strong></span> <span class='ocrx_word' id='word_1_166' title='bbox 516 3457 627 3526; x_wconf 92' lang='lat' dir='ltr'><strong>solum</strong></span> <span class='ocrx_word' id='word_1_167' title='bbox 659 3457 846 3527; x_wconf 84' lang='lat' dir='ltr'><strong>invenimus</strong></span> <span class='ocrx_word' id='word_1_168' title='bbox 879 3457 927 3527; x_wconf 92' lang='lat' dir='ltr'><strong>ibi</strong></span> <span class='ocrx_word' id='word_1_169' title='bbox 957 3456 1132 3532; x_wconf 90' lang='lat' dir='ltr'><strong>meliorem</strong></span> <span class='ocrx_word' id='word_1_170' title='bbox 1156 3462 1280 3554; x_wconf 84' lang='lat' dir='ltr'><strong>grada-</strong></span> 
     </span>
     <span class='ocr_line' id='line_1_28' title="bbox 306 3569 1279 3666; baseline 0 -24"><span class='ocrx_word' id='word_1_171' title='bbox 306 3573 453 3650; x_wconf 87' lang='lat' dir='ltr'><strong>tionem,</strong></span> <span class='ocrx_word' id='word_1_172' title='bbox 500 3569 559 3638; x_wconf 93' lang='lat' dir='ltr'><strong>sed</strong></span> <span class='ocrx_word' id='word_1_173' title='bbox 596 3589 708 3658; x_wconf 84' lang='lat' dir='ltr'><strong>poena</strong></span> <span class='ocrx_word' id='word_1_174' title='bbox 744 3570 852 3662; x_wconf 83' lang='lat' dir='ltr'><strong>magis</strong></span> <span class='ocrx_word' id='word_1_175' title='bbox 893 3571 1092 3655; x_wconf 89' lang='lat' dir='ltr'><strong>deterrebit,</strong></span> <span class='ocrx_word' id='word_1_176' title='bbox 1131 3584 1165 3644; x_wconf 91' lang='lat' dir='ltr'><strong>et</strong></span> <span class='ocrx_word' id='word_1_177' title='bbox 1202 3596 1279 3666; x_wconf 92' lang='lat' dir='ltr'><strong>spes</strong></span> 
     </span>
     <span class='ocr_line' id='line_1_29' title="bbox 307 3680 1281 3779; baseline 0.004 -27"><span class='ocrx_word' id='word_1_178' title='bbox 307 3680 535 3766; x_wconf 83' lang='lat' dir='ltr'><strong>diminutionis</strong></span> <span class='ocrx_word' id='word_1_179' title='bbox 560 3701 710 3772; x_wconf 90' lang='lat' dir='ltr'><strong>poenae,</strong></span> <span class='ocrx_word' id='word_1_180' title='bbox 744 3683 813 3752; x_wconf 89' lang='lat' dir='ltr'><strong>vim</strong></span> <span class='ocrx_word' id='word_1_181' title='bbox 839 3684 1042 3756; x_wconf 76' lang='lat' dir='ltr'><strong>salutiferam</strong></span> <span class='ocrx_word' id='word_1_182' title='bbox 1065 3687 1190 3758; x_wconf 90' lang='lat' dir='ltr'><strong>babere</strong></span> <span class='ocrx_word' id='word_1_183' title='bbox 1214 3708 1281 3779; x_wconf 86' lang='lat' dir='ltr'><strong>po-</strong></span> 
     </span>
     <span class='ocr_line' id='line_1_30' title="bbox 308 3792 943 3896; baseline 0.005 -32"><span class='ocrx_word' id='word_1_184' title='bbox 308 3801 374 3866; x_wconf 87' lang='lat' dir='ltr'><strong>test</strong></span> <span class='ocrx_word' id='word_1_185' title='bbox 398 3793 433 3862; x_wconf 92' lang='lat' dir='ltr'><strong>in</strong></span> <span class='ocrx_word' id='word_1_186' title='bbox 458 3792 745 3865; x_wconf 88' lang='lat' dir='ltr'><strong>ameliorationem</strong></span> <span class='ocrx_word' id='word_1_187' title='bbox 769 3796 943 3896; x_wconf 74' lang='lat' dir='ltr'><strong>moralem.</strong></span> 
     </span>
    </p>

    <p class='ocr_par' dir='ltr' id='par_1_5' title="bbox 310 3905 1283 4227">
     <span class='ocr_line' id='line_1_31' title="bbox 359 3905 1282 4001; baseline 0.002 -23"><span class='ocrx_word' id='word_1_188' title='bbox 359 3905 617 3978; x_wconf 85' lang='lat' dir='ltr'><strong>Concludimus:</strong></span> <span class='ocrx_word' id='word_1_189' title='bbox 668 3908 819 3978; x_wconf 89' lang='lat' dir='ltr'><strong>Scelusio</strong></span> <span class='ocrx_word' id='word_1_190' title='bbox 857 3918 1044 4000; x_wconf 86' lang='lat' dir='ltr'><strong>perpetua,</strong></span> <span class='ocrx_word' id='word_1_191' title='bbox 1083 3909 1282 4001; x_wconf 88' lang='lat' dir='ltr'><strong>praesertim</strong></span> 
     </span>
     <span class='ocr_line' id='line_1_32' title="bbox 310 4018 1282 4114; baseline -0.002 -21"><span class='ocrx_word' id='word_1_192' title='bbox 310 4020 476 4093; x_wconf 90' lang='lat' dir='ltr'><strong>hodierno</strong></span> <span class='ocrx_word' id='word_1_193' title='bbox 511 4028 664 4113; x_wconf 92' lang='lat' dir='ltr'><strong>tempore</strong></span> <span class='ocrx_word' id='word_1_194' title='bbox 697 4019 889 4102; x_wconf 86' lang='lat' dir='ltr'><strong>retinenda,</strong></span> <span class='ocrx_word' id='word_1_195' title='bbox 924 4018 969 4114; x_wconf 86' lang='lat' dir='ltr'><strong>(id</strong></span> <span class='ocrx_word' id='word_1_196' title='bbox 996 4043 1134 4114; x_wconf 91' lang='lat' dir='ltr'><strong>quoque</strong></span> <span class='ocrx_word' id='word_1_197' title='bbox 1158 4022 1194 4092; x_wconf 90' lang='lat' dir='ltr'><strong>in</strong></span> <span class='ocrx_word' id='word_1_198' title='bbox 1219 4045 1282 4091; x_wconf 90' lang='lat' dir='ltr'><strong>co-</strong></span> 
     </span>
     <span class='ocr_line' id='line_1_33' title="bbox 312 4133 1283 4227; baseline -0.001 -20"><span class='ocrx_word' id='word_1_199' title='bbox 312 4136 385 4208; x_wconf 88' lang='lat' dir='ltr'><strong>dice</strong></span> <span class='ocrx_word' id='word_1_200' title='bbox 418 4135 531 4204; x_wconf 82' lang='lat' dir='ltr'><strong>futuro</strong></span> <span class='ocrx_word' id='word_1_201' title='bbox 563 4142 682 4204; x_wconf 91' lang='lat' dir='ltr'><strong>nostro</strong></span> <span class='ocrx_word' id='word_1_202' title='bbox 709 4133 842 4227; x_wconf 89' lang='lat' dir='ltr'><strong>poenali</strong></span> <span class='ocrx_word' id='word_1_203' title='bbox 868 4133 1089 4226; x_wconf 90' lang='lat' dir='ltr'><strong>proponitur,</strong></span> <span class='ocrx_word' id='word_1_204' title='bbox 1125 4133 1174 4204; x_wconf 81' lang='lat' dir='ltr'><strong>cf.</strong></span> <span class='ocrx_word' id='word_1_205' title='bbox 1209 4137 1283 4208; x_wconf 86' lang='lat' dir='ltr'><strong>Me-</strong></span> 
     </span>
    </p>
   </div>
   <div class='ocr_carea' id='block_1_3' title="bbox 0 0 1486 5024">
    <p class='ocr_par' dir='ltr' id='par_1_6' title="bbox 0 0 1486 5024">
     <span class='ocr_line' id='line_1_34' title="bbox 0 0 1486 5024; baseline 0 0"><span class='ocrx_word' id='word_1_206' title='bbox 0 0 1486 5024; x_wconf 95' lang='lat' dir='ltr'><strong> </strong></span> 
     </span>
    </p>
   </div>
  </div>
 </body>
</html>
