2926 5034
671 517 714 583 71

198 699 408 793 experientia
451 697 584 780 docuit,
627 697 761 790 saepius
800 698 970 769 minimam
1005 699 1175 793 quantita-

202 825 268 883 tem
307 811 477 904 sanguinis
515 809 686 891 sufficere,
728 811 769 880 ad
808 820 950 880 mortem
986 813 1174 905 apoplecti-

202 949 275 996 cam
307 925 570 1016 producendam.

251 1041 302 1106 De
316 1035 567 1128 compressione
581 1059 763 1106 nervorum
772 1037 1053 1106 observaverunt:
1071 1060 1180 1130 quau-

203 1149 247 1216 do
281 1171 405 1217 nervus
439 1171 544 1240 vagus
574 1149 662 1217 iuter
686 1170 827 1218 nervum
853 1147 1086 1240 pharyngeum
1112 1171 1173 1218 su-

203 1261 373 1351 periorem
399 1270 432 1330 et
455 1261 671 1353 laryngeum,
704 1259 738 1353 (i.
749 1285 779 1330 e.
806 1284 910 1354 quum
937 1261 1077 1354 laqueus
1108 1262 1179 1330 sere

203 1374 289 1442 inlra
320 1374 488 1442 maxillam
520 1372 713 1440 inferiorem
745 1381 778 1440 ct
804 1395 907 1464 supra
932 1396 970 1441 os
996 1373 1179 1465 hyo'ideum

205 1483 424 1577 applicatur),
452 1483 603 1552 celeriter
629 1492 854 1576 symptomata
883 1485 1076 1578 asphyctica
1096 1508 1180 1577 pro-

204 1597 299 1678 duci,
310 1596 501 1666 ooclusioue
515 1596 660 1688 spastioa
672 1597 831 1688 glottidis.
857 1597 949 1666 Idem
963 1619 1100 1690 quoque
1114 1596 1178 1666 ob-

202 1709 399 1778 servabatur
423 1731 527 1801 quum
547 1709 690 1800 ligatura
715 1709 986 1801 constringantur
1007 1709 1103 1780 nervi
1123 1710 1176 1780 la-

202 1821 319 1915 ryngei
337 1821 549 1912 superiores,
570 1822 669 1914 juxta
684 1819 744 1889 sed
760 1832 839 1911 post
849 1822 987 1892 arterias
997 1822 1175 1893 carotides.

201 1935 361 2027 Ligatura
393 1934 488 2003 nervi
519 1933 614 2026 vagi,
650 1942 814 2026 quaterue
836 1933 936 2024 juxta
961 1943 1099 2004 truncos
1124 1933 1176 2004 la·

202 2045 377 2140 ryngeales
419 2046 629 2136 applicatur,
666 2045 738 2138 jam
781 2045 966 2126 sufficeret,
1012 2055 1070 2116 aut
1103 2044 1179 2136 ipsa

202 2169 261 2230 aut
293 2168 389 2227 motu
419 2157 591 2226 rellcctivo
618 2157 816 2248 asphyxiam
840 2158 1041 2248 producere.
1092 2155 1176 2250 (Oc-

203 2269 353 2340 clusioue
389 2269 558 2339 rellectiva
590 2267 779 2360 glottidist’)
828 2272 941 2338 Motus
967 2270 1178 2361 respiratorii

202 2381 349 2452 thoracis
383 2403 452 2450 non
479 2381 672 2462 cessabant,
712 2380 791 2472 quia
816 2380 888 2450 aliis
914 2380 1024 2450 nervis
1051 2404 1177 2473 reguu-

202 2507 275 2577 tur,
301 2519 365 2564 nec
389 2517 495 2564 nervo
521 2493 682 2586 phrenico
710 2491 893 2562 constricto
919 2493 1175 2586 interrumpun-

201 2619 278 2688 tur;
317 2608 376 2675 sed
407 2629 468 2698 per
499 2628 535 2675 se
565 2605 799 2674 tantummodo
826 2628 931 2698 quum
956 2606 1046 2676 nulla
1071 2607 1176 2677 laesio

201 2720 419 2812 congestione
453 2727 512 2787 aut
542 2716 744 2785 laxatione,
785 2716 991 2786 functionem
1017 2719 1177 2790 directam

202 2843 236 2904 et
267 2831 470 2902 reductivum
503 2828 668 2898 medullae
694 2827 914 2919 oblongatac,
953 2830 1071 2921 organi
1097 2855 1177 2900 ceu-

201 2945 293 3016 tralis
332 2941 588 3036 respirationis,
627 2940 777 3031 impedit.
828 2941 878 3010 Cf.
914 2941 955 3011 de
985 2942 1037 3012 his
1070 2967 1176 3036 cxpe-

189 3059 344 3128 ·rimeuta
376 3057 482 3126 relata
518 3053 608 3146 apud
644 3053 687 3122 Η.
721 3054 905 3135 Ktuuonu,
938 3057 1018 3127 ulcr
1044 3058 1095 3128 dic
1120 3062 1175 3129 be-

202 3173 390 3261 diupucpcn
427 3170 498 3238 oud
531 3167 716 3236 dcilzweclce
750 3168 799 3234 det
833 3168 958 3256 eioipcn
993 3184 1085 3238 arten
1122 3173 1176 3240 des

202 3286 386 3373 pewoltsam
433 3281 588 3370 crzeiptcu
633 3279 850 3351 seleintodes..
901 3281 1042 3371 Leipzip.
1086 3284 1174 3353 Edit.

203 3398 369 3464 Kummcr.
394 3393 492 3460 l845.

252 3507 297 3576 Ut
313 3512 547 3598 argumentum
564 3502 743 3594 probaret,
765 3500 829 3572 hac
846 3502 1173 3576 constrictioueuer-

201 3619 235 3689 vi
267 3618 346 3712 vagi
373 3618 473 3711 juxta
505 3639 636 3686 ramum
668 3616 865 3706 laryugeum
894 3615 1086 3688 inferiorem
1112 3643 1173 3690 oc-

201 3733 386 3803 clusionem
411 3729 640 3799 convulsivam
665 3727 814 3820 glottidis
840 3729 1001 3818 produci,
1040 3731 1172 3804 diversa

200 3846 429 3938 experimenta
473 3843 508 3912 in
553 3839 672 3911 lelibus
717 3839 870 3908 instituta
905 3843 1027 3924 affert,
1073 3846 1173 3916 etiam

199 3958 338 4029 suicidia
368 3967 401 4026 et
435 3953 672 4046 suspensiones
707 3976 784 4022 cum
812 3953 940 4046 laqueis
965 3955 1040 4027 latis
1065 3957 1172 4028 laxis·

201 4096 285 4165 que,
327 4071 385 4142 ubi
418 4069 524 4162 magis
558 4075 784 4160 symptomata
818 4065 1009 4159 asphyctica
1044 4070 1171 4139 emiue-

202 4185 298 4266 bant,
334 4185 404 4254 sinc
440 4183 505 4252 ulla
539 4180 710 4250 lunatione
745 4178 974 4250 vertebrarum
1009 4190 1066 4248 aut
1101 4183 1171 4253 lae.
