2922 5024
745 475 813 544 ill

292 651 418 731 neralia
442 659 673 753 praemittam,
698 668 737 728 ut
761 657 904 728 indicem
931 679 991 726 cur
1016 656 1082 727 boo
1108 667 1166 730 aut
1189 658 1271 728 illud

292 773 491 864 praeferam.

340 885 500 954 Srsrrrua
528 905 685 955 suvnnmr
711 905 907 954 censumar:
932 903 1223 954 runsruvnnrcurr.

338 997 490 1066 Seclusio
515 997 664 1068 solitaria
692 997 811 1068 diurna
837 1007 870 1066 et
895 1007 1062 1067 nocturna
1086 998 1158 1067 sinc
1179 1019 1265 1088 ope-

288 1133 353 1190 ro,
396 1109 564 1179 silentium
606 1111 825 1192 absolutum,
867 1109 959 1180 nulla
1001 1109 1263 1178 communicatio

287 1244 365 1290 cum
393 1221 608 1304 custodibus,
635 1222 750 1292 amicis
777 1233 810 1291 ct
826 1221 1046 1314 propinquis,
1073 1230 1155 1301 cet,
1181 1243 1262 1288 ver-

286 1331 352 1414 bo,
387 1333 531 1403 seclusio
556 1334 640 1404 hacc
666 1335 773 1427 qualis
800 1355 910 1426 usque
936 1333 979 1404 ad
1007 1333 1100 1402 1838
1126 1333 1262 1425 vigebat

285 1445 320 1514 in
346 1447 585 1539 Pensylvania,
612 1447 662 1516 Cf.
688 1449 820 1516 Priscus
847 1449 885 1515 dc
912 1448 945 1516 lo
962 1447 1182 1537 Pbilcdclpbie
1194 1469 1263 1537 por

284 1561 334 1629 Μ*
358 1563 386 1630 le
419 1563 483 1629 doc
519 1563 558 1628 de
584 1561 617 1628 lo
642 1560 941 1626 Rocrrsroucauan
967 1559 1190 1638 Lrnncounr,
1229 1569 1263 1626 et

284 1671 393 1740 lleoue
413 1671 624 1763 penitentiam
644 1693 712 1761 per
735 1671 884 1739 Monnnu
911 1669 1153 1750 Cnnrsroenn,
1185 1687 1261 1740 tom.

283 1784 356 1873 lp.
382 1783 429 1852 40
455 1807 521 1877 sq,
555 1804 739 1875 numquam
772 1781 929 1851 universe
964 1781 1152 1853 adhibenda
1186 1805 1261 1853 esse

282 1894 364 1965 mibi
396 1896 548 1978 videtur,
583 1905 616 1966 et
649 1895 700 1965 bis
728 1893 860 1964 duobus
887 1895 1020 1965 casibus
1046 1903 1175 1964 tantum
1202 1917 1261 1964 ac·

283 2007 454 2100 cipienda:

333 2121 364 2187 1.
415 2121 477 2198 Ut,
504 2118 578 2210 jam
611 2120 822 2190 incarceratis
855 2141 968 2211 poena
1002 2120 1045 2188 sit
1070 2143 1131 2212 per
1155 2119 1259 2188 breve

281 2229 444 2322 temporis
471 2231 626 2324 spatium.

330 2345 365 2411 2.
417 2341 462 2412 Ut
502 2347 720 2414 condemnatis
757 2345 800 2413 sit
837 2343 1050 2435 praeparatio
1089 2343 1132 2412 ad
1167 2341 1257 2411 aliud

279 2475 386 2545 genus
413 2456 619 2524 seclusionis.

327 2565 415 2633 Nolo
467 2589 663 2636 enumcrare
711 2587 828 2634 omnes
876 2563 1084 2658 objectiones
1132 2565 1256 2659 quibus

276 2686 423 2770 systema
448 2679 725 2774 Pensylvanicum
752 2701 907 2748 severum
934 2687 1167 2770 oppugnatum
1191 2678 1255 2761 sit,

275 2789 363 2859 iuter
397 2815 480 2884 quas
515 2793 695 2884 praecipuo
720 2794 906 2862 mortalitas
934 2801 967 2859 et
993 2791 1160 2862 dementia
1184 2793 1254 2860 fre-

275 2903 451 2994 quentior,
489 2903 542 2994 (dc
576 2904 627 2971 bis
661 2905 832 2972 annotabo
868 2904 956 2994 apud
992 2904 1146 2992 Systema
1171 2905 1250 2973 Vir-

275 3012 477 3106 ginianum),
516 3013 575 3082 sed
608 3013 695 3082 ratio
730 3038 791 3081 cur
820 3014 900 3082 illud
926 3013 1075 3105 rejiciam
1100 3024 1138 3081 ut
1162 3038 1250 3106 poe-

274 3147 353 3193 nam
386 3125 578 3195 univcrsam
612 3150 673 3218 per
705 3127 845 3218 longum
880 3135 1037 3216 tempus,
1071 3125 1154 3195 hacc
1178 3130 1248 3196 fcrc

275 3246 346 3305 est:
394 3261 464 3308 uon
507 3239 629 3308 infitias
671 3239 722 3307 irc
754 3261 956 3331 possumus,
998 3238 1249 3331 intelligentiam

275 3347 413 3420 diminui
448 3361 480 3420 et
514 3333 761 3444 obtorpescero¹
789 3351 910 3420 debere
944 3351 1101 3422 diuturna
1127 3353 1250 3422 solitu·
1289 3355 1291 3360 ’

274 3458 350 3530 dine
385 3463 559 3544 absoluta,
591 3464 789 3554 praesertim
821 3464 854 3534 in
881 3464 1072 3535 hominibus
1098 3465 1247 3534 rudiori-

271 3571 335 3640 bus
376 3573 690 3668 iucultoribusque,
734 3577 792 3668 qui
835 3577 1055 3668 cogitationes
1095 3588 1246 3649 tantum-

270 3681 376 3751 modo
422 3707 464 3753 ex
502 3686 603 3755 rebus
642 3688 851 3758 sensualibus
889 3691 995 3759 oculis
1034 3690 1245 3760 obvenienti-

270 3795 334 3864 bus
374 3795 552 3868 bauriunt:
594 3801 833 3872 exercitatione
876 3813 909 3872 et
949 3803 1150 3872 contritione
1185 3803 1245 3871 de-

270 3909 475 3994 ficientibus,
509 3913 681 3984 facultates
715 3915 875 3984 mentales
907 3916 1098 3985 necessario
1125 3915 1245 3983 obtor-

269 4034 412 4113 pescunt
447 4026 623 4108 universo,
662 4037 696 4096 ct
734 4029 926 4118 producunt
959 4039 1039 4120 post
1073 4027 1245 4120 quoddam

269 4145 401 4228 tempus
429 4138 574 4228 speeiem
599 4139 810 4222 inanitionis,
838 4141 999 4231 stuporis
