2926 5034
674 477 720 554 67

204 669 312 740 Etiam
349 670 394 739 CI.
426 669 627 738 Fortunatus
651 667 771 738 Fidelis
796 671 835 738 de
859 671 1005 741 relation.
1046 669 1171 741 Medic.

202 783 255 854 tio.
281 783 315 851 d.

250 893 316 963 Atii
353 901 465 964 autem
498 901 622 983 negant
654 891 862 962 luxationem
897 915 1029 986 semper
1058 895 1171 964 locum

201 1005 344 1086 habere,
382 1004 451 1073 imo
487 1003 693 1073 contendunt
729 1027 871 1096 prorsus
904 1029 1087 1099 numquam
1113 1029 1171 1077 ac-

203 1117 337 1198 cidere,
374 1125 433 1186 aut
466 1125 555 1184 certe
590 1117 823 1208 exceptionem
857 1139 941 1186 esse.
1001 1119 1172 1187 Sustinent

201 1230 342 1300 modum
375 1228 605 1320 suspensionis
642 1240 675 1298 et
699 1230 833 1320 pondus
860 1229 1032 1320 corporis,
1070 1253 1170 1322 mag-

202 1364 280 1411 nam
317 1339 386 1410 vim
424 1339 567 1420 habere,
606 1341 705 1410 etiam
744 1363 786 1410 an
824 1341 934 1412 subito
973 1341 1187 1436 dejiciuntur

203 1477 267 1523 nec
298 1475 360 1534 ne,
399 1462 433 1521 et
465 1454 664 1523 tractionem
688 1453 813 1546 pedum
839 1464 898 1524 aut
922 1455 1171 1524 statuminatio-

203 1589 279 1636 nem
315 1565 349 1634 in
383 1565 543 1635 humeros
578 1567 751 1658 suspensi,
786 1576 848 1634 cet.
914 1569 960 1659 Cf.
993 1567 1172 1649 Annnnrr,

204 1681 336 1770 Spstcm,
361 1680 502 1771 Iurispr.
528 1679 648 1749 Medic.
669 1681 788 1750 Hellas
813 1677 908 1748 4795
917 1731 926 1758 ,
951 1679 1172 1763 chnnnnrm,

203 1794 309 1864 Nouo.
336 1794 481 1861 demente
508 1795 546 1861 de
568 1793 660 1882 pleps.
687 1806 760 1861 tom.
786 1795 813 1860 t.
834 1815 870 1882 p.
897 1789 966 1862 457
992 1793 1056 1862 Ed.
1083 1795 1171 1864 VIII.

250 1903 316 1974 Atii
356 1925 439 1972 vero
483 1902 706 1984 contendunt,
761 1902 812 1972 his
854 1903 1074 1974 tractionibus
1112 1917 1172 1975 ant

203 2015 410 2088 motionibus
435 2015 631 2111 fortioribus
657 2016 837 2085 fracturam
856 2014 991 2108 quidem
1007 2017 1172 2109 ligamen-

203 2128 229 2198 ti
253 2150 434 2220 processus
460 2127 657 2198 odontoi‘dei
682 2137 741 2198 aut
766 2127 997 2198 vertebrarum
1021 2129 1172 2220 ipsarum

203 2239 373 2332 produci,
430 2239 489 2306 sed
534 2261 675 2330 prorsus
716 2263 900 2332 numquam
940 2241 1173 2325 luxationem,

204 2353 297 2446 qnod
330 2350 553 2442 argmnentis,
600 2373 675 2420 mea
709 2351 895 2442 opinione,
939 2353 1018 2422 satis
1055 2355 1172 2426 validis

202 2465 358 2560 probant.

252 2578 306 2648 Sic
346 2575 552 2646 Doctissimo
587 2577 749 2656 Panem,
798 2575 981 2646 laxationis
1016 2579 1171 2671 exempla

202 2690 372 2762 rarissime
406 2697 625 2758 occurrerunt
657 2687 692 2756 in
725 2709 968 2778 suspensorum
1000 2690 1173 2762 cadaveri-

201 2805 285 2885 bus,
319 2825 406 2897 quae
432 2825 453 2871 a
475 2801 652 2869 ansarn
677 2799 711 2868 in
736 2799 981 2869 Nosocomium
1006 2803 1171 2872 Bnnrno-

203 2939 330 2987 nonam
363 2914 541 2995 translata,
576 2912 743 2982 dissecuit.
792 2913 837 2981 Et
862 2921 975 2982 tamen
1001 2915 1172 2986 carnifices

106 3015 108 3027 ¹
203 3031 411 3102 luxationem
435 3025 626 3121 torquendo
652 3026 783 3096 efficere
800 3035 1021 3098 tentaverant.
1063 3025 1175 3124 (wris-

204 3143 261 3212 ted
284 3139 436 3236 motion).
487 3140 557 3210 Vir.
585 3139 633 3208 Cl.
659 3161 703 3206 nn
728 3139 864 3210 ansmn
888 3139 924 3210 in
954 3143 1023 3210 102
1042 3142 1173 3214 obduc-
1302 3205 1306 3210 .
1349 3221 1351 3228 s

205 3254 351 3324 tionibus
370 3254 571 3324 cadaverum
584 3271 845 3342 suspensorum,
862 3275 906 3320 ne
919 3275 1024 3323 unum
1038 3255 1174 3348 quidem

206 3367 397 3459 exemplum
412 3363 594 3436 luxationis
612 3363 728 3434 adfert.
756 3361 878 3445 Orfila,
905 3365 963 3458 qni
979 3389 1087 3457 nuper
1105 3367 1174 3438 dis-

207 3477 403 3572 quisitiones
432 3477 473 3546 de
488 3477 661 3546 lunatione
678 3474 838 3556 instituit,
865 3499 939 3546 eam
956 3477 1125 3549 rarissime
1143 3491 1177 3550 et

206 3590 413 3684 exceptionis
426 3589 503 3660 loco
517 3589 670 3660 admittit.
697 3589 747 3658 ef.
757 3590 929 3662 Scnnunrs
943 3592 1058 3662 Iaera
1070 3594 1159 3664 Iste
1167 3646 1177 3676 ,

3 3669 4 3676 i
70 3791 80 3818 ·
202 3709 222 3795 d
248 3708 320 3798 hest.
342 3729 378 3797 p.
406 3707 462 3773 85.

252 3817 348 3888 Unde
389 3815 473 3886 haec
507 3815 704 3907 opinionum
739 3815 943 3888 diversitas?
995 3819 1174 3892 Rationem

204 3954 267 4000 nos
303 3929 417 4000 docuit
450 3928 658 4000 anatomicns
686 3929 895 4009 Germanus,
930 3929 1025 4022 cujus
1050 3956 1174 4005 nomen

207 4069 225 4114 e
249 4042 413 4114 memoria
437 4041 520 4112 mihi
545 4041 658 4133 elapsa
683 4052 745 4110 est.

258 4155 421 4225 Vertebra
445 4154 567 4246 ‘prima
592 4164 660 4253 tam
689 4163 779 4224 arcte
805 4173 958 4226 connexa
985 4179 1060 4225 cum
1088 4159 1179 4228 oeci-
