2922 5024
361 1320 625 1399 Pomm
665 1317 1043 1396 mmmm
1093 1315 1270 1416 om

420 1479 709 1556 mamm
749 1473 1032 1550 Pomm
1064 1473 1223 1548 (tolt-

383 2457 500 2572 Senio
546 2502 650 2570 altera
692 2523 880 2591 poenarum
913 2500 1166 2594 psyohioarnm,
1217 2503 1308 2570 conf.

337 2637 440 2706 supra
465 2635 542 2706 pag.
576 2614 645 2683 tta
671 2613 836 2683 eontinetz
886 2616 1012 2684 Poenae
1032 2614 1200 2706 papatiam
1226 2635 1311 2706 qaae

334 2729 462 2822 stapam
489 2751 629 2818 pomam
661 2730 878 2818 corporalem,
912 2728 1006 2822 eujus
1032 2727 1164 2820 generis
1191 2726 1310 2795 deoro-

337 2849 409 2908 tum
450 2842 491 2908 11
536 2842 618 2909 Deo.
660 2841 777 2922 1813,
826 2840 925 2909 nobis
968 2840 1051 2910 duas
1092 2838 1308 2932 praescribit,

337 2973 482 3040 nempe:
535 2952 662 3019 Rotaa'o
701 2953 782 3020 ensa
819 2975 922 3042 sopra
963 2969 1060 3044 rapot
1099 2963 1133 3022 et
1176 2955 1311 3045 laquear

338 3065 419 3132 oolla
466 3063 732 3144 circumamictae,
784 3063 964 3158 (tamquam
1002 3067 1193 3156 appraoaa'o
1227 3089 1310 3157 poa·

338 3199 401 3246 aaa
431 3175 687 3268 fostipationis);
723 3176 787 3249 hae
811 3178 847 3247 in
871 3201 937 3248 usn
961 3177 1110 3270 practico
1137 3201 1214 3246 oum
1239 3175 1311 3246 aliis

341 3287 461 3380 poenis
489 3289 707 3382 conjunctae,
733 3313 823 3362 nuno
847 3301 960 3362 tamen
985 3291 1019 3362 in
1046 3291 1216 3362 abstracto
1233 3311 1314 3382 per·
1440 3359 1441 3368 ,

341 3402 541 3471 scrutandae
567 3412 655 3472 sunt.
1440 3465 1441 3486 r

392 3514 495 3596 Quod
519 3515 562 3584 ad
586 3515 789 3584 rotationem
815 3515 903 3584 en'sis
929 3535 1033 3608 supra
1059 3501 1160 3606 caput
1176 3513 1311 3594 attinet,

340 3627 571 3696 aninnadverto
614 3628 933 3722 praescriptionem:
1001 3681 1023 3720 „
1048 3630 1115 3697 Het
1152 3632 1313 3714 zwaaiJen

342 3791 367 3831 „
393 3761 460 3810 van
491 3738 550 3810 het
580 3742 716 3812 zwaard
754 3764 837 3812 over
869 3740 927 3810 het
959 3739 1064 3810 hoofd
1096 3741 1146 3810 uit
1170 3751 1204 3810 te
1229 3762 1314 3808 voe·

342 3903 366 3943 ‚‚
392 3877 452 3921 ren
478 3876 523 3946 op
550 3877 611 3923 een
638 3854 796 3936 sohavot,
838 3863 907 3921 met
932 3853 994 3923 aile
1020 3853 1166 3921 dezelfde
1193 3851 1316 3920 toebe-
1439 3917 1441 3938 ἵ

341 4021 365 4062 „
391 3966 556 4034 reidselen
599 3967 707 4036 welke
749 3965 792 4053 bij
841 3965 882 4033 de
918 3964 1140 4054 onthooiding
1173 3963 1317 4034 worden
1440 3963 1441 3992 ³

342 4131 366 4172 ‚‚
393 4079 689 4170 waargenomen:”
732 4078 824 4148 omni
857 4087 1032 4168 respectu,
1074 4086 1215 4150 naturae
1248 4076 1316 4148 hu·

343 4215 462 4264 manae
488 4200 556 4261 non
583 4201 694 4285 aptam
721 4213 813 4261 esse:
1440 4201 1441 4280 }

1438 4515 1441 4564 i

1436 4567 1441 4590 ι
