2926 5034
666 483 689 548 7

194 677 260 738 tem
297 663 470 740 exsecutio
508 663 608 755 plena
632 661 752 736 harum
777 662 884 736 rarius
911 663 946 736 in
964 661 1160 736 universum

185 781 269 873 post
302 776 616 848 condemnationem
650 777 821 870 sequitur,
857 787 890 848 et
922 777 956 848 in
983 775 1158 870 proporti-

192 916 256 963 one
297 891 491 982 mitigatur,
546 915 567 962 a
612 890 780 960 nonnullis
827 899 968 962 vocatur
1007 909 1161 960 snsrnua

192 1022 480 1079 comnrurronrs.

239 1119 315 1188 Hoc
345 1125 492 1208 systema
516 1138 577 1208 per
603 1139 640 1186 se
665 1116 777 1186 multis
803 1113 892 1184 vitiis
917 1112 1074 1186 laborare
1099 1112 1160 1182 de-

191 1230 258 1304 bet.
321 1231 351 1300 1.
377 1229 574 1302 Humanitas
609 1237 643 1297 et
673 1227 824 1319 aequitas
852 1225 985 1322 saepius
1011 1223 1161 1319 postulat

191 1353 230 1418 ut
255 1341 426 1414 exsecutio
452 1342 506 1412 vel
532 1351 603 1410 tota
627 1340 680 1409 vel
705 1362 768 1430 pro
791 1347 887 1432 parte
912 1347 1137 1409 commutetur
1150 1372 1163 1418 ,v

193 1467 252 1528 aut
302 1453 393 1544 cogit
436 1453 567 1545 judices
610 1453 845 1524 excusationes
888 1472 990 1543 saepe
1029 1450 1160 1523 illicitas

194 1587 376 1661 quaerere,
408 1564 443 1634 in
479 1565 526 1634 ita
560 1564 654 1635 dictis
689 1567 919 1636 circonstaeccs
944 1578 1161 1644 occaecatos,

194 1703 281 1776 quae
313 1677 481 1750 interdum
514 1701 729 1771 nequaquam
763 1677 921 1750 existunt.
979 1679 1003 1746 2
1040 1674 1164 1748 Incerti

193 1802 357 1887 quatenus
375 1814 506 1884 poenae
522 1791 596 1884 lege
613 1789 840 1884 praescriptae
856 1790 1065 1884 infligentur,
1087 1811 1162 1862 ma·

191 1905 277 1978 lefici
308 1905 419 1976 minus
445 1903 674 1987 deterrentur,
707 1913 740 1974 et
765 1925 842 1996 spes
867 1901 1072 1996 impunitatis
1099 1925 1162 1972 au·

191 2029 300 2111 getur.
366 2016 399 2086 3.
441 2015 709 2108 Applicationem
747 2016 914 2088 diversam
949 2014 1032 2107 legis
1063 2013 1163 2092 nimis

193 2153 331 2202 severae
364 2151 451 2220 quae
479 2129 557 2222 jure
589 2130 703 2200 locum
735 2129 858 2199 hahere
893 2126 1014 2210 dehet,
1052 2147 1165 2218 poena

193 2241 326 2333 saepius
360 2240 484 2331 injusta
513 2241 567 2321 fit,
603 2241 798 2332 saepissime
822 2241 946 2334 injusta
971 2246 1084 2310 autem
1108 2238 1162 2310 vi-

193 2355 302 2426 detur.
361 2351 395 2420 lt.
435 2351 575 2443 Saepius
604 2351 661 2446 jus
697 2351 837 2422 diversis
872 2361 906 2419 et
931 2352 994 2420 sihi
1018 2351 1162 2422 invicem

193 2465 368 2540 contrariis
395 2465 512 2534 modis
539 2465 682 2548 dieitur,
715 2465 749 2534 in
776 2463 969 2534 criminibus
996 2485 1083 2558 quae
1108 2463 1162 2535 vi-

193 2581 314 2652 dentur
339 2578 490 2673 ejusdem
515 2577 658 2670 generis,
710 2581 742 2646 5.
782 2579 897 2650 Poena
920 2577 1019 2648 nimis
1045 2599 1164 2648 severa

193 2695 340 2766 deterret
363 2693 492 2762 laesum
518 2713 538 2758 a
563 2688 798 2779 persecutione
822 2691 974 2760 malefici.
1017 2693 1051 2760 6.
1075 2692 1164 2764 Lae-

195 2828 253 2876 sus
286 2805 360 2896 ipse
394 2811 428 2872 et
460 2809 562 2870 testes
596 2800 802 2872 humanitate
836 2801 989 2882 adducti,
1028 2802 1164 2893 saepius

116 2983 119 2988 .
194 2915 387 2990 testimonia
419 2913 553 2984 mitiora
585 2913 655 2989 imo
681 2911 765 2982 falsa
790 2912 880 2986 dant.
931 2917 966 2986 7.
994 2913 1166 2988 Sententia

191 3030 309 3127 judicii
358 3027 539 3120 degenerat
579 3027 614 3096 in
654 3048 783 3097 meram
823 3028 986 3112 formam,
1037 3030 1163 3124 quoni-

88 3131 94 3140 ·
197 3169 252 3216 am
284 3166 396 3236 poena
427 3141 599 3232 mitigatur
633 3148 692 3208 aut
724 3139 832 3230 gratia
866 3141 983 3224 datur,
1017 3151 1050 3214 et
1082 3143 1166 3215 haee

197 3255 357 3349 cogitatio
392 3253 492 3324 etiam
524 3254 594 3324 vim
625 3252 660 3322 in
692 3252 856 3324 sententia
880 3255 1018 3327 serenda
1041 3256 1166 3330 habere

197 3379 320 3462 potest.
370 3367 523 3459 Dignitas
549 3375 583 3434 et
607 3365 779 3435 influentia
804 3368 1051 3459 corporationis
1072 3371 1166 3464 judi-

197 3482 309 3556 acialis
334 3480 425 3550 hisce
450 3479 539 3552 vitiis
564 3477 783 3592 imminuitur.

196 3731 335 3792 Introitue
362 3733 393 3788 in
422 3732 539 3789 domum
566 3732 674 3806 regium
692 3749 759 3788 cum
777 3735 971 3794 intentionell
1002 3738 1071 3796 furti
1090 3759 1168 3802 com.

196 3825 346 3892 mittendi,
373 3844 402 3878 n.
423 3819 470 3878 33.
496 3820 616 3878 llannrc.
637 3819 711 3878 VIII
733 3819 764 3878 0.
787 3822 831 3880 12.
853 3823 952 3896 1542.;
981 3848 1057 3886 mors
1076 3834 1166 3891 celata

196 3917 245 3974 filii
281 3917 369 3990 spurii
406 3934 435 3968 n.
465 3909 513 3967 27.
549 3911 657 3968 Gnoso.
686 3909 726 3968 ll.
770 3910 840 3987 Cap.
871 3914 937 3975 XV.
979 3917 1071 3988 17543
1105 3924 1169 3980 sur.

197 4018 259 4064 tum
289 4008 381 4074 cervi,
409 4005 549 4072 cuniculi,
578 4005 679 4077 leporis
708 4016 759 4060 aut
787 4010 869 4080 piscis
896 4020 950 4066 etc.
976 4031 991 4066 e
1013 4015 1168 4086 sepimento

198 4100 314 4166 clauso,
341 4097 399 4152 eine
426 4097 510 4152 armis
536 4105 587 4156 aut
613 4113 678 4152 cum
696 4097 749 4166 iis,
776 4094 873 4154 Black
891 4099 997 4158 actii.
1037 4095 1169 4160 Gnoacl

203 4186 233 4244 0.
252 4185 299 4244 22.
323 4184 403 4244 1732.
