2926 5034
657 481 703 548 75

239 659 413 753 Asphyxia
445 660 546 751 igitur
581 670 614 730 et
640 660 820 752 apoplexia
844 661 1060 752 conjunctae,
1094 683 1161 730 no-

189 771 239 840 bis
274 773 429 842 videntur
462 773 619 842 universe
645 795 747 842 causa
772 794 847 840 esse
872 773 991 856 mortis
1018 795 1162 864 suspeu-

190 883 285 953 sione
323 885 526 976 productae,
569 908 773 978 quamquam
814 893 1040 978 symptomata
1077 887 1162 956 alte-

190 997 260 1065 rius
310 997 504 1066 alternative
547 997 703 1066 eminent.
769 997 947 1067 Distinctio
989 997 1076 1068 hanc
1119 999 1163 1068 ob

192 1119 328 1180 causam
360 1108 557 1200 praesertim
583 1118 634 1177 est
658 1109 795 1202 majoris
822 1109 1003 1189 momenti,
1040 1111 1164 1203 quoni-

192 1243 245 1289 am
271 1221 445 1291 admittere
471 1243 672 1312 possumus,
699 1221 790 1312 apud
813 1244 996 1312 suspensos
1013 1222 1072 1318 uhi
1089 1246 1163 1293 ma-

192 1333 242 1424 gis
278 1342 504 1424 symptomata
536 1333 744 1426 apoplectica
776 1333 1047 1424 conspiciuntur,
1083 1358 1163 1404 eon-

192 1447 357 1516 scientium
394 1446 448 1514 sni
479 1445 618 1514 celerius
654 1445 834 1514 extinctam
867 1445 993 1526 luisse,
1043 1468 1164 1538 quam-

192 1581 294 1650 quam
331 1565 557 1649 symptomata
595 1557 708 1627 vitalia
741 1557 863 1628 diutius
901 1580 976 1628 sese
1004 1559 1165 1630 motubus

190 1671 463 1748 manifestarent;
515 1691 620 1761 quum
670 1677 789 1739 contra
838 1670 929 1762 apud
971 1693 1054 1752 eos,
1106 1671 1165 1740 ubi

192 1789 418 1876 symptomata
450 1781 633 1873 asphyxiae
667 1782 927 1872 praevalebant,
961 1793 1074 1853 motus
1102 1807 1164 1854 ex·
1290 1811 1292 1816 ·

191 1896 277 1964 terni
313 1895 409 1965 citius
444 1893 646 1976 cessabunt,
684 1893 744 1962 sed
778 1895 982 1964 conscientia
1016 1897 1068 1964 sui
1103 1919 1164 1988 per

191 2007 325 2099 longius
364 2005 509 2098 spatium
543 2005 705 2099 temporis
731 2005 900 2076 existeret.
961 2007 1075 2088 Quum
1099 2007 1163 2076 he-

191 2142 234 2188 ne
285 2118 486 2188 attendimus
537 2121 579 2188 ad
625 2118 802 2188 discrimen
850 2119 938 2188 inter
988 2119 1164 2190 conscien-

193 2231 273 2302 tiam
315 2229 367 2298 sui
410 2240 443 2297 et
482 2240 595 2298 motus
639 2230 753 2298 vitales
796 2231 1062 2316 involuntarios,
1108 2232 1162 2302 vi-

193 2343 310 2412 demus
345 2341 444 2412 etiam
477 2341 544 2412 hoc
584 2342 619 2412 in
654 2363 735 2412 casu
769 2343 1053 2434 organisationem
1087 2343 1163 2412 diu-

191 2456 256 2526 tius
292 2455 580 2546 compressionem
617 2452 765 2536 cerebri,
804 2478 906 2548 quam
937 2455 1161 2547 privationem

191 2569 277 2658 atris
332 2565 590 2658 atmosplraerici
645 2564 715 2656 pati
768 2588 894 2658 posse,
955 2591 1162 2662 quamquam

191 2681 225 2750 in
275 2703 356 2749 casu
400 2679 506 2770 priori
554 2677 758 2746 conscientia
791 2679 843 2747 sui
877 2679 1017 2748 celerius
1052 2681 1162 2750 extin-

192 2793 316 2886 guitur.

241 2907 292 2974 De
325 2902 429 2972 modo
462 2903 575 2995 laquei
599 2899 787 2993 applicandi
810 2902 950 2972 Bnmoc
976 2903 1057 2974 satis
1083 2915 1161 2997 apte

192 3015 386 3096 annotavit,
441 3016 640 3106 plerumque
683 3036 726 3081 ex
767 3013 992 3104 prominentia
1028 3018 1161 3110 linguae

193 3131 356 3199 existente
390 3137 447 3198 aut
478 3126 669 3205 deficiente,
704 3126 858 3194 concludi
882 3149 986 3218 posse
1012 3151 1161 3221 quomo-

193 3243 237 3312 do
274 3242 414 3334 laqueus
452 3240 643 3332 applicatus¹
666 3237 777 3306 luerit.
837 3237 982 3320 Quando
1020 3239 1161 3336 laqueus

193 3376 297 3444 supra
320 3353 492 3444 laryngem
517 3351 669 3444 ponitur,
694 3349 809 3441 lingua
832 3372 902 3420 non
929 3350 1053 3422 eminet
1069 3365 1160 3424 trac-

192 3467 283 3536 tione
318 3464 403 3534 ossis
438 3464 589 3557 hyotdei‚
630 3462 765 3554 quando
800 3471 912 3534 autem
936 3463 1023 3533 inira
1046 3465 1160 3558 laryn-

190 3603 268 3673 gem
301 3577 457 3671 ponitur,
491 3585 564 3645 tum
595 3575 710 3668 lingua
744 3599 787 3644 ex
821 3598 882 3644 ore
913 3575 1046 3667 pendet.
1096 3577 1161 3648 Alii

191 3702 305 3762 autem
347 3690 466 3760 volunt
505 3687 785 3780 proeminentiam
826 3687 960 3780 linguae
992 3689 1159 3774 indicare,

188 3814 333 3875 mortem
359 3801 523 3895 asphyxia
547 3802 748 3893 productam
774 3823 859 3872 esse.
912 3803 959 3894 cs.
986 3791 1157 3876 Sennium

188 3919 303 3988 Jahrb.
330 3917 394 4008 lust
418 3917 445 3984 t.
471 3937 505 4006 p.
532 3915 592 3982 85.
619 3915 717 3983 1845.

238 4029 456 4098 anscnunn
490 4027 548 4120 qui
580 4027 686 4096 multa
710 4024 887 4095 elucidavit
911 4025 945 4093 in
971 4027 1157 4119 sugillatio-

192 4140 287 4210 nibus
323 4137 412 4233 apud
447 4163 649 4233 suspensos,
685 4137 862 4231 (quaestio
883 4137 965 4206 tanti
995 4139 1156 4208 momenti
