2926 5034
311 975 405 1048 nn
428 971 691 1072 nouum,
716 971 1166 1050 rnnnsnnmnu
1189 973 1283 1046 nn

361 1103 585 1176 ronna
604 1103 863 1178 momnis
882 1106 967 1179 uu
988 1103 1235 1176 conro-

410 1228 704 1339 numus
735 1231 807 1304 nr
838 1228 1184 1304 umvurrsm

632 1493 969 1540 ...ιαμ-.-

363 1756 531 1866 Universa
557 1792 643 1862 duos
668 1791 791 1862 modos
813 1793 989 1864 admittere
1009 1813 1191 1887 possumus
1208 1792 1286 1886 qui-

314 1907 378 1978 bus
403 1907 557 1977 homines
582 1907 781 1999 puniuntur.

367 2023 400 2090 1.
449 2022 586 2088 Poenae
615 2019 650 2087 in
682 2041 864 2110 personam
892 2017 1024 2110 ipsam,
1059 2018 1130 2089 sive
1155 2037 1286 2110 poenae

315 2133 509 2224 corporales
536 2140 569 2198 et
593 2133 750 2201 morales.

220 2281 233 2300 κ
364 2248 399 2313 2.
450 2245 585 2312 Poenae
610 2244 644 2313 in
671 2243 929 2337 possessiones,
956 2243 1026 2314 sive
1050 2243 1207 2312 mulctae.

366 2357 517 2428 Fuerunt
543 2357 601 2451 qui
628 2358 777 2428 diversas
803 2356 848 2424 ob
873 2356 1040 2436 rationes,
1066 2375 1184 2423 omnes
1202 2375 1289 2444 poe-

318 2493 379 2541 nas
413 2469 607 2560 corporales
640 2471 834 2561 rejicerent,
877 2477 911 2536 et
943 2487 1060 2534 omnes
1094 2487 1222 2557 poenas
1253 2465 1290 2534 iu

319 2581 554 2674 possessiones
586 2579 826 2674 delinquentis,
859 2579 882 2648 i.
917 2601 946 2648 e.
972 2578 1103 2648 mulctis
1128 2577 1289 2649 volebant

319 2683 493 2772 constare;
535 2715 639 2787 quum
673 2704 786 2764 autem
818 2715 985 2786 pauperes
1017 2692 1151 2785 saepius
1175 2691 1288 2761 nullo-

319 2806 430 2887 modo¹
460 2805 601 2875 mulctas
631 2806 773 2877 inflictas
799 2807 931 2876 solvere
955 2815 1118 2899 possunt,
1157 2827 1289 2897 propo-

322 2919 422 2986 situm
458 2925 510 2984 est
540 2916 667 2995 abiis,
701 2927 740 2985 ut
764 2939 931 3008 pauperes
958 2925 1160 3008 cogerentur
1184 2939 1291 3010 opera

320 3028 502 3121 pecunium
528 3027 726 3096 solvendum
750 3029 883 3098 lucrari.

369 3143 508 3212 Praeter
548 3139 765 3211 vitiositatem
799 3141 865 3212 alio
898 3148 1082 3232 respectu,
1119 3136 1292 3234 (manniam

320 3249 406 3326 haec
436 3275 549 3346 poena
580 3275 763 3348 numquam
797 3252 965 3347 requisitis
992 3253 1210 3323 rationalibus
1237 3274 1294 3324 sa·

321 3367 444 3440 tisiacit
478 3367 527 3436 cf.
565 3388 668 3458 supra
699 3388 733 3458 p.
773 3365 849 3466 itt)
892 3365 1065 3460 sequentia
1086 3366 1152 3436 nisi
1175 3365 1292 3449 fallor,

321 3480 389 3551 hoc
421 3480 623 3573 principium
659 3478 938 3549 condemnabunt.
994 3479 1029 3550 Si
1059 3482 1196 3551 mulctae
1222 3503 1293 3548 cer-

323 3611 373 3664 tae
407 3601 619 3671 statuuntur,
660 3601 800 3682 propter
835 3591 1054 3662 differentiam
1078 3595 1128 3663 rei
1155 3594 1291 3662 domes-

322 3704 408 3772 ticae
453 3724 565 3794 poena
602 3704 755 3792 protecto
792 3703 916 3796 injusta
952 3706 1067 3788 foret,
1108 3727 1187 3774 nam
1220 3704 1292 3774 aliis

322 3814 446 3885 mulcta
484 3814 546 3884 erit
579 3815 798 3906 gravissima,
835 3816 889 3886 alii
914 3817 1032 3886 eadem
1056 3839 1167 3908 poena
1192 3817 1293 3886 mini-

321 3951 377 3997 me
410 3938 469 3998 aut
493 3949 634 4020 prorsus
658 3951 728 3997 non
752 3928 937 3999 laedentur.
989 3929 1024 3998 Si
1048 3937 1087 3997 ut
1110 3927 1190 3996 huie
1215 3949 1293 3997 sue

322 4049 475 4110 curratur
509 4041 653 4112 mulctae
685 4040 722 4110 in
754 4042 978 4132 proportione
1013 4040 1205 4110 divitiarum
1230 4064 1293 4112 au·

322 4164 462 4246 gentum
504 4153 567 4224 hae
600 4153 634 4222 in
664 4153 733 4223 vita
759 4154 907 4244 practica
932 4151 1065 4244 saepius
1092 4151 1293 4230 difficultati·

1450 2853 1454 2874 1

1453 2961 1454 2980 l

1453 2987 1454 3000 r

1447 3133 1454 3160 .
