2922 5024
768 509 837 582 ldl

310 699 378 760 tem
412 689 477 762 tale
510 699 658 785 systema
682 713 824 784 prorsus
850 693 1065 772 condemno,
1107 702 1141 762 et
1169 693 1282 764 verbis

311 801 382 872 Viri
408 802 498 874 doot.
523 805 644 874 Herna
669 826 703 896 p.
729 805 803 874 dl'l
827 805 849 874 l.
874 803 896 874 l.
921 803 1162 896 respondebo:

362 963 385 1005 „
411 915 509 986 Sebst
543 916 603 986 der
629 917 754 1009 Galgen
780 917 896 988 wiirde
920 916 1000 988 hald
1026 917 1105 987 lrein
1129 916 1283 1010 gedohe-

313 1079 336 1120 „
361 1049 423 1098 ner
458 1027 522 1098 Ort
545 1028 642 1099 mehr
666 1051 772 1122 seyn,
809 1053 908 1102 wenn
936 1029 996 1100 der
1020 1029 1192 1122 Gehdngte
1217 1053 1287 1101 von

308 1195 332 1235 „
359 1141 550 1212 demselben
566 1140 653 1212 nach
678 1142 804 1235 einiger
821 1142 893 1212 Zeit
909 1141 1036 1212 wieder
1052 1141 1285 1234 herabstiege‚

309 1309 332 1349 „
357 1255 475 1326 hesser
508 1253 676 1347 geldeidet
708 1255 778 1326 und
803 1254 945 1348 gendhrt
968 1255 1039 1324 und
1062 1254 1286 1324 unterriohtet

308 1367 406 1459 „als
440 1391 570 1450 zuvor,
608 1367 679 1438 und
703 1367 794 1438 noch
819 1368 905 1439 dazu
928 1367 990 1438 mit
1015 1367 1125 1438 einem
1148 1367 1284 1438 lrleinen

308 1531 331 1573 „
359 1479 587 1574 Geldcapital,
633 1503 692 1552 um
725 1480 780 1550 ein
813 1481 995 1553 niitzliohes
1028 1479 1191 1552 Gewerbe
1223 1503 1286 1551 an·

309 1643 332 1682 „
358 1593 533 1684 zufangen.

357 1705 396 1772 ln
430 1701 481 1773 his
507 1701 619 1774 verbis
645 1703 812 1774 monitum
836 1704 975 1776 maximi
1000 1705 1164 1776 momenti
1187 1705 1286 1777 inve·

309 1815 424 1898 nitur,
476 1813 571 1911 quod
614 1815 732 1886 attinet
778 1815 822 1887 ad
860 1839 977 1898 omnes
1015 1819 1286 1890 ameliorationes

307 1929 464 2024 physicas
499 1937 533 1998 et
564 1929 711 2000 morales
747 1953 945 2012 earoerum‚
979 1931 1014 2001 in
1045 1931 1168 2025 quihus
1194 1954 1287 2002 sem-

311 2066 373 2136 per
407 2041 739 2114 animadvertendum
764 2052 838 2124 est,
871 2043 1099 2136 legislatorem
1125 2043 1160 2114 in
1185 2043 1287 2136 puni-

311 2156 399 2225 endo
429 2176 500 2223 non
528 2153 571 2224 ad
603 2153 793 2226 maleficum
819 2155 949 2239 solum,
985 2157 1046 2228 sed
1071 2157 1114 2228 ad
1140 2157 1286 2228 societa-

312 2278 381 2336 tem
407 2287 546 2360 quoqne
572 2266 745 2338 attendere
771 2267 904 2339 dehere.

360 2381 402 2450 ΙΙ.
445 2381 687 2452 Dmonrnrro.
729 2380 882 2452 Alterum
898 2401 1004 2472 genus
1022 2403 1155 2472 poenae
1179 2381 1285 2452 liber-

312 2497 416 2566 tatem
434 2492 614 2584 spectantis
633 2499 684 2561 est
701 2491 912 2583 deportati0‚
937 2514 1006 2584 qua
1023 2492 1158 2564 libertas
1175 2495 1287 2564 minus

315 2607 440 2677 directe
457 2610 642 2674 oo'e'roetur.
694 2605 786 2676 Haeo
808 2625 920 2695 poena
945 2605 1036 2698 apud
1059 2614 1227 2677 nostrates
1253 2607 1289 2676 in

311 2718 444 2790 theoria
480 2716 716 2789 tantummodo
755 2716 879 2788 existit.
941 2717 1063 2788 Utrum
1100 2718 1288 2810 optandum

313 2835 356 2903 sit
385 2841 424 2902 nt
448 2831 484 2901 in
508 2829 607 2922 praxi
633 2829 830 2900 adhibeatur
854 2853 918 2899 nee
941 2853 1004 2913 ne,
1043 2831 1183 2901 dubium
1208 2841 1287 2913 est,

315 2967 421 3036 quum
456 2947 655 3032 argumenta
687 2939 768 3008 satis
798 2939 915 3030 gravia
938 2941 974 3009 in
998 2951 1179 3033 utramque
1205 2967 1287 3035 par-

312 3068 381 3126 tem
414 3053 525 3123 afferri
558 3058 712 3142 possunt.
772 3052 889 3143 Nuper
924 3074 999 3120 eam
1036 3053 1195 3146 rejectam
1233 3057 1287 3126 vi-

313 3169 348 3238 di
381 3187 425 3236 ex
459 3163 574 3236 codiee
607 3170 727 3232 nostro
761 3185 861 3256 poen.
895 3164 1020 3234 futuro.
1056 3166 1106 3236 Cl.
1133 3169 1287 3240 Memorio

312 3305 378 3353 nau
403 3281 473 3351 toel.
498 3301 601 3372 supra
626 3278 717 3348 lond.

237 3428 240 3436 2
361 3391 533 3464 Britannia
556 3411 620 3460 nos
647 3389 839 3481 exemplum
859 3390 1044 3481 praetionm
1064 3393 1098 3462 in
1119 3391 1171 3462 his
1184 3414 1286 3484 prae·

312 3509 394 3580 bere
426 3515 566 3601 posset,
609 3501 669 3589 sed
701 3502 881 3573 relationes
915 3512 1097 3575 eventuum
1122 3505 1180 3600 qui
1205 3529 1285 3598 per-.

314 3621 471 3692 hibentur
495 3626 570 3687 toto
597 3615 694 3685 coelo
718 3615 806 3686 inter
832 3637 868 3684 se
889 3614 1056 3692 differunt.
1078 3617 1166 3712 svir
1186 3640 1288 3709 prae·

315 3733 425 3804 clerus
462 3731 594 3802 Bnmun
633 3737 770 3798 curator
808 3728 1008 3820 inspector,
1053 3729 1089 3801 in
1126 3729 1289 3802 relatione
1334 3763 1337 3768 ·
1440 3723 1447 3742 “

314 3868 396 3926 sua,
437 3842 585 3914 deelarat
608 3840 814 3912 Britanniam
839 3839 1092 3932 deportatione,
1132 3841 1174 3912 au
1199 3865 1290 3914 anno

319 3957 414 4029 1788
438 3953 614 4051 usquead
640 3953 754 4036 1821,
779 3953 941 4026 lucratam
967 3977 1042 4024 esse
1072 3954 1289 4037 11‚008,833

317 4073 348 4142 s
384 4067 475 4142 sterl.
532 4069 657 4138 Lissen
695 4067 806 4138 autem
838 4066 873 4137 in
906 4067 1041 4138 Austrol
1070 4069 1223 4138 Joumol.
1258 4079 1293 4139 et

316 4187 492 4257 Munnrson
523 4205 599 4252 oum
625 4181 735 4252 multis
762 4179 834 4250 aliis
859 4180 1097 4261 adversantem
1132 4203 1289 4274 praeser-
