2922 5024
633 440 696 508 ldl

171 618 326 690 actionen
360 620 565 692 criminalem
598 620 766 714 improbat
800 629 834 692 et
858 627 1030 691 auctorem
1055 618 1107 690 ins
1123 655 1142 674 ·

171 754 248 800 men
274 732 470 824 proclamat.

222 844 336 914 Tacite
362 855 475 916 antem
498 846 634 918 infamia
658 847 855 940 plerumque
882 867 959 914 cum
984 845 1142 914 omnibus

173 958 293 1048 poenis
328 959 560 1051 corporalibus
595 960 773 1052 conjuncta
806 969 880 1040 est,
924 968 957 1028 et
989 959 1142 1050 prolecto

175 1069 356 1140 dolendum
382 1071 491 1141 estid
516 1072 712 1142 nullomodo
740 1071 913 1162 prohiberi
938 1093 1062 1163 posse,
1087 1079 1143 1142 ta·

175 1204 252 1251 men
289 1182 462 1274 legislator
494 1208 680 1277 numquam
711 1184 850 1275 insuper
884 1184 1056 1255 sanctione
1083 1206 1145 1252 sua

174 1293 282 1364 inutili
308 1306 342 1364 et
365 1318 435 1366 non
459 1298 570 1368 valida
595 1321 670 1368 eam
693 1297 891 1366 confirmare
910 1297 1026 1378 debet3
1052 1295 1145 1390 quod

172 1429 235 1475 rex
249 1408 420 1478 Gallorum
436 1409 703 1502 intellexitquum
725 1411 800 1502 lege
818 1411 864 1480 28
882 1408 1005 1500 Aprilis
1028 1408 1143 1488 1832,

175 1518 344 1589 infamiam
378 1521 448 1592 sive
483 1521 738 1593 defamationem
773 1520 1002 1616 (demissum),
1036 1519 1145 1591 aboli-

176 1642 245 1702 tam
271 1633 470 1706 declarabat.

226 1744 404 1816 Praeterea
436 1770 567 1839 poenae
599 1745 776 1839 psychicae
812 1769 898 1840 quae
934 1741 1071 1840 semper
1092 1746 1146 1814 in-

177 1859 310 1930 famiam
350 1860 539 1952 producere
578 1868 765 1939 conantur,
819 1859 906 1928 vitiis
940 1857 1146 1952 gravissimis

179 1969 212 2040 in
238 1961 337 2063 praxi
360 1969 526 2044 laborant.

131 2165 133 2172 p
229 2085 260 2152 1.
297 2085 487 2156 Delamatio
513 2084 595 2176 legis
621 2107 683 2177 per
708 2106 744 2154 se
770 2095 934 2176 perpetua
961 2092 1031 2165 cst,
1064 2104 1143 2152 nam

179 2195 399 2274 rehabilitatio
425 2199 499 2290 lege
523 2196 698 2276 instituta,
735 2197 870 2266 minime
908 2195 998 2266 valet
1031 2203 1149 2262 contra

181 2309 374 2402 opinionem
419 2310 621 2404 generalem.
679 2310 724 2380 Et
761 2307 935 2401 quomodo
974 2306 1151 2376 admittere

85 2461 89 2472 ·
179 2401 386 2512 possumus,
420 2423 566 2518 aliquem
600 2421 787 2516 opprobrio
811 2429 977 2514 perpetuo
1005 2441 1149 2512 oppres-

183 2556 280 2616 sum,
314 2545 393 2626 post
426 2531 637 2626 privationen
674 2533 926 2627 irreparabilem
952 2533 1151 2604 existimati-

183 2645 258 2713 onis
297 2645 468 2734 publicae‚
522 2646 590 2716 vim
632 2648 857 2716 sufficientem.
886 2645 1050 2714 moralem
1092 2656 1151 2716 aut

184 2756 374 2850 energeiam
399 2758 573 2850 possidere
598 2759 640 2829 ad
658 2782 732 2828 sese
749 2759 1032 2840 ameliorandum,
1058 2758 1152 2851 quod

183 2878 294 2940 tamen
327 2869 408 2938 nibil
442 2870 473 2940 ei
506 2871 670 2962 proficere
704 2883 843 2965 posset;
886 2881 944 2942 aut
976 2881 1015 2942 ut
1040 2870 1151 2941 officia

185 3006 265 3075 erga
291 3007 365 3054 eam
391 2983 587 3054 societatem
611 2985 786 3077 impleret,
820 3008 1010 3078 quaecum
1037 2995 1075 3054 ut
1099 2985 1153 3054 iu·

187 3097 324 3188 dignum
349 3107 511 3188 perpetue
537 3096 666 3191 rejicit,
706 3107 740 3167 et
764 3098 935 3168 moraliter
959 3101 1087 3168 necat?

237 3211 351 3293 Quum
377 3219 489 3279 autern
515 3209 555 3278 de
581 3209 632 3278 bis
659 3232 796 3303 qnoque
822 3210 986 3303 agendum
1005 3209 1086 3292 erit,
1112 3227 1154 3278 eo

186 3323 262 3394 loco
308 3323 366 3394 ubi
406 3323 632 3416 copositioaem
665 3325 830 3414 publicam
876 3325 1084 3416 insumentum
1122 3329 1156 3390 et

187 3439 303 3530 stipma
336 3435 571 3518 tractabimus,
610 3435 740 3527 reliqua
772 3436 934 3506 mittenda
968 3445 1069 3518 sunt,
1112 3457 1154 3503 ne

186 3550 221 3619 iu
261 3549 478 3642 repetitiones
520 3548 687 3618 taediosas
721 3548 918 3620 incidamus,
951 3591 1001 3604 —-
1062 3548 1156 3617 Haec

186 3673 298 3734 tamen
323 3663 479 3734 universe
504 3662 673 3732 notanda:
715 3662 850 3731 Poenae
875 3660 1053 3754 psychicae
1069 3659 1156 3730 hano

187 3775 230 3843 ob
264 3798 336 3844 rem
357 3761 569 3846 irrationales
597 3783 721 3855 erunt,
755 3796 818 3842 nec
843 3795 950 3864 scopo
975 3773 1154 3866 proposito

188 3887 458 3980 respondebunt,
492 3885 671 3982 quoniam:

241 4003 272 4070 1.
310 4002 385 4084 Lex
418 3999 498 4070 nibil
533 4009 651 4070 contra
685 3998 879 4090 opinionem
904 3997 1070 4091 publicam
1096 4020 1157 4068 va-

191 4113 235 4182 let
260 4137 301 4183 eo
328 4137 433 4196 casu,
469 4113 496 4182 si
522 4111 555 4182 iu
583 4111 804 4182 defamatione
831 4109 860 4180 ei
886 4111 1054 4182 contraria
1079 4120 1141 4178 est.
