2922 5024
752 511 820 579 118

300 719 362 789 per
387 717 572 787 aggravare
598 695 721 764 debent
746 695 869 764 malum
883 695 954 788 jam
971 695 1153 776 inllictum,
1180 715 1272 763 sem-

299 831 362 902 per
394 807 461 877 hoc
493 808 528 877 in
564 831 644 878 casu
671 806 858 878 adhibenda
883 817 934 875 est
959 807 1070 878 diaeta
1096 807 1275 898 simplicis-

299 921 385 991 sima
409 921 505 1013 panis
532 931 566 990 et
590 945 716 1015 aquae,
742 929 776 988 et
801 929 891 988 ccrtc
916 941 1045 1011 paucos
1071 921 1144 989 lore
1168 928 1273 1011 puto,

301 1031 361 1127 qui
393 1033 450 1103 diu
480 1032 640 1104 indociles
667 1055 740 1102 sese
767 1033 955 1101 ostendent.
981 1075 1031 1086 --
1081 1034 1273 1126 Numquam

302 1155 416 1216 autem
454 1147 541 1216 same
574 1147 752 1216 co'e'rcendi
786 1153 874 1215 sunt.
908 1187 958 1198 -
1007 1145 1175 1214 Baranam
1199 1145 1220 1213 Ι.
1250 1145 1273 1213 Ι.

202 1233 207 1256 ’
301 1269 385 1328 tom.
417 1261 483 1340 ΙΙΙ,
525 1281 558 1350 p.
585 1261 677 1342 256,
720 1259 763 1329 ad
802 1257 869 1326 hoc
902 1265 1048 1349 systema
1081 1256 1274 1326 annotarit:

174 1381 177 1384 ’
303 1419 326 1461 „
353 1370 441 1442 C’est
478 1371 566 1442 donc
600 1395 667 1441 une
699 1372 875 1465 penitence
909 1369 967 1463 qui
993 1377 1074 1460 peut
1099 1371 1169 1436 btrc
1194 1367 1276 1436 utile

305 1535 327 1574 „
353 1483 504 1575 pendant
538 1485 700 1577 quelques
731 1485 828 1577 jours
855 1505 944 1574 pour
970 1482 1126 1573 dompter
1151 1504 1196 1550 un
1222 1501 1279 1549 es-

304 1646 327 1686 „
354 1595 422 1686 prit
447 1595 488 1664 de
514 1595 699 1675 rebellior,
734 1593 818 1664 mais
843 1595 867 1662 il
892 1617 935 1662 ne
959 1595 1031 1662 faut
1056 1615 1117 1684 pas
1142 1593 1176 1664 la
1192 1615 1278 1686 pro-

305 1757 327 1798 „
352 1706 482 1796 longer.
541 1707 589 1775 Le
621 1705 808 1798 quinquina
844 1715 877 1776 ct
901 1705 1107 1776 l'antimoinc
1133 1729 1176 1778 ne
1202 1705 1278 1774 doi-

305 1869 327 1910 „
351 1829 432 1887 vent
465 1839 526 1910 pas
561 1822 631 1888 btre
665 1820 838 1913 employes
872 1843 1005 1888 comme
1039 1819 1192 1889 alimcnts
1218 1840 1278 1887 or-

306 1981 329 2022 „
355 1931 511 2001 dinaires.

354 2046 410 2112 Ex
444 2066 546 2136 supra
581 2043 676 2112 dictis
711 2043 898 2135 reperimus
923 2044 988 2113 nisi
1017 2044 1134 2116 fallor:
1170 2053 1279 2138 syste-

305 2177 362 2223 ma
388 2177 542 2224 severum
567 2155 846 2248 Pensylvanicum
867 2157 1025 2226 universe
1042 2151 1280 2251 rejiciendum,

304 2275 344 2334 ut
377 2276 525 2360 systema
556 2268 754 2338 reclusionis
787 2269 822 2339 in
857 2279 989 2361 tempus
1023 2271 1121 2339 nimis
1148 2271 1280 2339 diutur-

306 2401 407 2460 num,
460 2402 665 2474 quamquam
699 2381 945 2473 objectionibus
980 2382 1073 2472 quod
1106 2382 1281 2451 moraliter

307 2501 366 2562 aut
397 2492 535 2584 physice
569 2492 720 2582 captivos
745 2492 911 2572 laederet,
949 2492 1085 2560 minime
1110 2492 1178 2560 vim
1204 2515 1279 2562 eam

307 2605 454 2674 tribuere
479 2626 661 2696 possumus
690 2627 791 2697 quam
816 2604 968 2674 nonnulli
993 2605 1191 2686 voluerunt,
1225 2614 1279 2674 ta-

307 2739 385 2788 men
424 2717 490 2788 hoc
524 2728 671 2813 systema
704 2718 917 2788 utilissimum
952 2720 994 2790 ad
1027 2713 1278 2812 praeparandos

308 2832 480 2922 captivos,
519 2832 644 2901 autad
672 2854 731 2900 cos
759 2831 900 2900 durante
925 2832 1187 2902 incarceratione
1213 2855 1278 2924 pu-

308 2943 468 3023 niendos,
504 2965 567 3032 per
592 2952 724 3032 tempus
749 2941 853 3010 breve
879 2943 1060 3010 definitum.

359 3053 518 3121 Srsrcua
560 3054 796 3122 Vrncrruuuu.
862 3053 1026 3122 Omnibus
1060 3065 1180 3124 notum
1214 3055 1280 3124 hoc
1326 3073 1328 3076 ·
1443 3127 1450 3142 ,

309 3174 456 3258 systema
501 3165 745 3258 mitigationem
792 3187 884 3248 esse,
936 3167 1124 3260 systematis
1172 3168 1282 3236 severi

309 3278 564 3371 Pensylvanici‚
612 3276 712 3372 (nunc
746 3288 858 3349 autem
892 3303 1031 3374 quoque
1063 3281 1098 3350 in
1124 3280 1280 3374 Pensylv.

309 3389 513 3485 modificati).

359 3505 396 3573 ln
431 3504 496 3572 hoc
530 3511 709 3594 systemate
735 3501 863 3571 obtinet
889 3525 1026 3598 quoque
1053 3506 1196 3577 seclusio
1222 3527 1281 3574 so-

309 3613 418 3683 litaria
444 3615 563 3683 diurna
588 3623 621 3681 et
645 3617 829 3696 nocturna,
856 3616 915 3684 sed
941 3619 1100 3709 operibus
1119 3619 1279 3700 diversis,

310 3725 568 3795 allocutionibus
587 3726 765 3795 custodum
785 3737 818 3795 et
834 3729 1103 3821 frequentatione
1115 3731 1280 3801 visitanti-

309 3859 388 3920 um,
415 3837 715 3921 ambulationibus,
742 3849 812 3922 cet,
839 3841 987 3932 gaudent
1013 3845 1144 3936 captivi.
1197 3846 1282 3914 Cer-

309 3960 343 4020 te
385 3950 452 4019 hoc
485 3961 633 4044 systema
665 3952 810 4022 maxime
845 3975 954 4044 scopo
990 3957 1170 4047 proposito
1207 3978 1282 4024 res-

309 4063 456 4155 pondet,
499 4087 605 4156 quum
640 4066 818 4135 commoda
852 4089 974 4159 magna
1008 4069 1203 4160 possideat,
1250 4080 1285 4138 et

310 4177 434 4247 diutius
459 4176 530 4246 sinc
557 4177 679 4248 damno
706 4177 846 4270 physico
872 4190 929 4249 aut
955 4182 1074 4252 morali
1100 4181 1134 4251 in
1162 4183 1310 4252 deten-¹
