2922 5024
737 501 805 572 138

286 679 396 760 tione;
428 679 498 750 imo
531 681 723 754 lactdtatem
747 681 980 778 relinquebant
999 684 1170 779 judicibus
1197 709 1257 756 eos

286 795 485 886 deportare,
522 803 704 889 postquam
737 817 799 888 per
835 799 855 866 ὃ
891 819 999 867 annos
1034 799 1258 870 seclusionem

287 907 477 978 cellularem
502 905 683 980 subierant.
733 908 832 978 Anno
863 910 973 992 1837,
1000 911 1023 979 lt
1048 911 1125 982 lan.
1150 913 1260 982 insula

286 1020 450 1091 Bourbon
491 1029 529 1090 ut
569 1019 664 1090 locus
699 1019 943 1112 deportationis
979 1023 1153 1116 designata
1188 1035 1257 1094 est:

288 1143 427 1204 eventus
452 1133 552 1227 hujus
578 1141 719 1206 conatus
744 1135 897 1205 nondum
923 1135 1048 1228 cogniti
1073 1148 1161 1207 sunt.

335 1249 393 1316 lll.
441 1248 622 1317 uxsmun.
673 1246 822 1316 Tertium
856 1270 963 1340 genus
995 1271 1127 1340 poenae
1156 1249 1260 1318 liber-

285 1368 389 1430 tatem
415 1360 595 1452 spectantis
621 1359 715 1453 quod
739 1383 814 1431 eam
839 1361 977 1432 minima
1002 1362 1132 1432 ratione
1158 1370 1259 1432 codr-

286 1472 350 1556 eit,
389 1482 440 1542 est
473 1493 651 1552 susurrum
687 1483 1258 1548 sc.corr1mrroct1mmmno.

334 1585 578 1658 Condemnatio
602 1585 646 1656 ad
668 1583 886 1656 habitandum
910 1585 945 1656 in
969 1587 1048 1656 loco
1066 1587 1259 1681 designato,

286 1721 347 1770 seu
384 1717 608 1778 conensem,
644 1698 880 1768 tantummodo
914 1700 1006 1792 apud
1038 1699 1111 1770 illas
1145 1701 1260 1773 natio-

284 1833 345 1882 nes
370 1808 499 1880 institui
523 1817 656 1902 potest,
681 1809 716 1880 iu
743 1809 867 1902 quibus
892 1811 1035 1884 malefici
1060 1837 1173 1907 poena
1191 1837 1260 1907 pe-

285 1933 401 2006 racta,
439 1921 502 1993 sub
535 1923 640 1994 tutela
668 1922 814 2017 juridica
843 1923 985 2015 policino
1011 1927 1261 1998 constituuntur

285 2061 348 2130 per
382 2045 511 2142 certum
544 2044 678 2127 tempus
704 2043 763 2106 aut
786 2057 849 2127 per
873 2045 981 2108 totam
1007 2037 1136 2123 vitam,
1174 2063 1261 2134 quae

285 2149 390 2220 tutela
422 2171 524 2242 quam
556 2146 697 2218 difficilis
730 2147 930 2244 plerumque
955 2151 1018 2234 sit,
1055 2174 1119 2222 nos
1146 2151 1262 2223 docuit

287 2261 455 2356 quantitas
489 2283 612 2355 magna
644 2261 886 2334 recidivorum'
904 2261 1057 2356 (rupture
1091 2264 1133 2336 de
1162 2264 1259 2359 ban),

284 2375 320 2447 in
346 2374 462 2447 Gallia.

334 2488 528 2560 interdictio
562 2509 630 2579 qua
662 2485 831 2556 maleficus
865 2485 1063 2578 prohibetur
1086 2489 1122 2560 in
1145 2488 1260 2558 locum

288 2601 498 2692 designatum
521 2597 672 2670 habitare
698 2607 757 2668 aut
780 2596 915 2682 venire,
954 2622 1015 2672 seu
1038 2603 1259 2682 Recensum,

286 2711 520 2786 tantummodo
546 2720 584 2782 ut
608 2709 780 2782 rationalis
806 2733 917 2806 poena
942 2713 1071 2784 admitti
1096 2723 1210 2807 potest
1225 2713 1261 2784 in

288 2826 480 2897 criminibus
506 2824 665 2916 politicis,
690 2846 874 2916 numquam
898 2825 933 2894 in
957 2826 998 2896 iis
1026 2827 1084 2918 qui
1110 2827 1261 2922 delique-

288 2947 367 3008 runt
399 2945 518 3006 contra
546 2956 709 3026 personas
740 2943 799 3002 aut
822 2937 1067 3025 possessiones.
1091 2978 1143 2990 --
1192 2942 1262 3009 Re·

286 3047 410 3140 legatio
436 3047 471 3116 in
495 3046 547 3116 his
573 3045 766 3116 criminibus
792 3045 957 3130 adhibita,
987 3048 1069 3118 nihil
1094 3049 1185 3120 aliud
1210 3052 1261 3120 el-

287 3160 386 3230 lieere
403 3168 534 3252 potest,
559 3159 623 3230 nisi
640 3159 924 3252 permutationem
940 3161 1170 3234 alternativam
1186 3186 1261 3234 ma-

288 3271 454 3344 lilieorum
479 3275 671 3346 continuam
696 3274 784 3344 inter
810 3273 959 3346 diversas
984 3274 1159 3357 nationes;
1186 3299 1261 3347 ma-

288 3385 359 3456 lum
389 3387 623 3456 tantummodo
649 3386 728 3456 sede
753 3395 925 3469 mutatur,
964 3397 998 3458 et
1021 3411 1127 3481 genus
1152 3390 1261 3461 male-

288 3499 431 3569 ficorum
463 3499 636 3570 miscendo
670 3500 784 3593 potius
818 3500 983 3594 majorem
1007 3502 1178 3595 energiam
1203 3527 1261 3574 ac-

292 3613 395 3705 quirit
419 3610 477 3707 (1).
532 3611 633 3705 Apud
666 3620 805 3682 exteros
839 3613 946 3705 magis
979 3612 1116 3706 impune
1151 3625 1261 3706 tenta-

286 3794 555 3815 ——n-——h

328 3921 376 3998 (l)
414 3920 465 3979 llis
508 3925 680 3980 conveniunt
714 3941 748 3980 aa
785 3941 858 3996 quae
894 3922 1066 3983 Invmesror
1104 3928 1259 3983 annotavit.

290 4011 334 4070 Gi.
361 4009 496 4085 nappore
524 4031 576 4070 rur·
600 4017 628 4068 Ie
646 4017 740 4086 projet
765 4011 836 4069 d'un
860 4006 935 4070 Unde
953 4013 1054 4070 Pe'nal
1064 4017 1131 4088 snit
1150 4022 1171 4070 ὰ
1193 4014 1262 4072 das·

290 4107 413 4162 semblle
430 4109 569 4175 ganemu
586 4109 622 4160 de
642 4101 727 4161 uetat
743 4110 779 4162 de
799 4109 831 4160 la
850 4101 1001 4161 Louisane
1016 4128 1047 4179 p.
1068 4103 1115 4162 53.

328 4218 342 4250 n
354 4195 404 4254 Le
423 4196 560 4272 coupable
590 4194 684 4252 chasse
702 4195 770 4255 d'un
791 4216 877 4273 pays,
905 4198 965 4254 doit
983 4198 1213 4256 ndeesuirement
1232 4217 1260 4254 se
