2926 5034
643 493 689 562 33

176 675 237 746 bus
269 675 489 757 laborabunt,
533 682 566 744 et
601 673 736 745 minime
770 672 928 766 aequitati
952 666 1139 762 responde·

175 787 276 870 hunt,
311 786 502 858 difficultate
536 786 743 858 aestimandi.
794 788 971 856 Praeterea
995 781 1052 852 tali
1077 803 1139 850 ex·-

175 899 328 968 tensione
360 903 534 990 systematis
566 899 764 981 mulctatici,
797 921 867 967 non
893 898 1004 967 solum
1029 894 1138 964 delin-

175 1033 280 1106 quens
312 1011 405 1103 ipse,
439 1013 499 1083 sed
532 1013 631 1082 etiam
655 1012 779 1082 familia
803 1010 874 1103 ejus
901 1017 934 1076 et
958 1005 1141 1098 propinqui

174 1125 366 1207 laedentur,
408 1126 514 1220 quod·
534 1147 637 1217 supra
669 1123 812 1193 vidimus
846 1122 880 1192 in
913 1141 1041 1212 poenas
1068 1116 1140 1186 evi-

176 1239 314 1308 tandum
341 1261 425 1308 esse.

224 1351 349 1421 Mulcta
375 1359 486 1419 autem
512 1359 564 1418 est
588 1347 716 1440 species
742 1345 988 1415 confiscationis
1006 1344 1141 1438 quando

176 1486 218 1532 ea
262 1463 393 1530 ratione
438 1461 593 1530 universe
632 1458 832 1529 extenditur.
890 1460 935 1530 Et
968 1481 987 1526 e
1023 1465 1142 1526 nostro

175 1575 313 1669 quidem
338 1573 453 1643 codice
477 1572 629 1665 poenali,
662 1571 745 1646 haec
768 1595 881 1665 poena
904 1578 995 1641 recte
1020 1571 1145 1664 rejecta

176 1697 246 1768 est;
288 1710 367 1758 nam
399 1685 473 1756 taiis
508 1685 702 1756 confiscatio
735 1686 764 1756 si
788 1685 914 1779 ubique
939 1684 1144 1764 admittitur,

175 1823 313 1872 necesse
339 1807 454 1869 estut
479 1798 610 1868 aerario
637 1798 773 1889 publico
797 1798 925 1889 prosit,
961 1807 993 1864 et
1010 1796 1058 1866 sic
1075 1796 1144 1865 ori-

176 1914 268 1985 mina
316 1911 413 2007 quasi
462 1909 709 2001 patrimonium*
753 1910 877 1979 civitati
928 1909 1145 1978 constituunt.

176 2025 269 2096 Haec
301 2045 414 2116 poena
445 2024 598 2113 protecto
631 2021 815 2092 immoratis
850 2030 883 2090 et
915 2029 1055 2091 naturae
1079 2019 1146 2089 hu-

176 2160 296 2208 manae
328 2159 398 2205 non
424 2145 502 2225 apta
527 2134 770 2204 consideranda
794 2143 863 2217 est,
898 2134 1058 2228 quoniam
1084 2153 1144 2201 so-

177 2247 280 2316 cietas
325 2267 395 2313 non
430 2245 533 2334 vulgo
570 2244 747 2314 habebitur
783 2269 910 2338 aequus
948 2257 981 2316 et
1018 2248 1146 2338 impar-

177 2358 264 2428 tiatis
302 2356 409 2451 judex
448 2355 645 2436 criminum,
688 2377 792 2449 quum
825 2357 1004 2426 commoda
1037 2359 1147 2426 direc-

177 2481 214 2541 ta
245 2468 429 2540 materialia
461 2467 740 2539 condemnatione
773 2467 993 2564 delinquentis
1019 2490 1147 2561 augen-

176 2594 242 2654 tur·

226 2693 480 2766 Administratic
529 2691 648 2760 fiscalis
691 2693 954 2772 condemnatur,
1011 2684 1145 2786 quando

179 2827 283 2878 censu
315 2803 420 2883 nimio
454 2801 585 2872 divitias
620 2802 761 2896 acqtririt
791 2827 834 2872 ex
859 2803 983 2873 sudore
1008 2802 1146 2896 populi,

180 2918 281 3015 qnid,
323 2916 458 3012 quando
493 2936 576 3008 opes
610 2935 688 2986 suas
713 2926 814 3009 auget
839 2927 872 2987 et
896 2918 995 2988 floret
1021 2909 1148 2988 delictis

180 3028 469 3123 criminibusque?
512 3029 758 3099 Tantummodo
783 3030 866 3100 baec
890 3053 1002 3123 poena
1026 3030 1148 3102 admit-

181 3144 282 3214 tenda
315 3152 365 3211 est
397 3142 432 3211 in
466 3141 796 3212 contraventicnibus
830 3143 1033 3227 levioribus,
1067 3145 1144 3236 (po-

181 3251 398 3348 litiestraffen)
431 3263 465 3323 et
493 3251 833 3346 compensationibus.
887 3257 926 3324 ln
952 3257 1145 3325 criminibus

183 3367 341 3458 gravibus
365 3365 425 3435 ubi
448 3366 569 3458 majori
595 3365 790 3434 extensione
811 3367 990 3458 gauderet,
1017 3387 1150 3460 semper

182 3477 366 3549 immoralis
395 3485 428 3545 et
453 3477 704 3548 condemnanda
728 3477 801 3547 erit.

231 3594 324 3662 Haec
366 3589 660 3673 animadvertens,
711 3591 895 3662 concludo:
946 3615 1074 3686 poenas
1115 3594 1152 3663 in

181 3703 416 3798 possessiones
455 3701 676 3796 delinquentis
715 3703 786 3772 sive
823 3705 963 3776 mulctas
997 3707 1153 3778 universe

181 3817 301 3888 finibus
336 3815 485 3908 angustis
520 3815 837 3887 circumscribendas
874 3841 971 3903 esse,
1013 3830 1047 3890 et
1079 3819 1152 3914 ple-

180 3952 323 4023 rumque
347 3929 482 3998 minime
508 3951 614 4022 scopo
639 3929 854 4022 respondere.

231 4043 293 4112 His
320 4041 476 4122 sublatis,
510 4052 685 4114 remanent
710 4065 842 4134 poenae
871 4044 1017 4115 directae
1041 4044 1076 4114 in
1100 4045 1155 4135 ip-

187 4178 261 4225 sum
292 4155 501 4226 individuum
533 4179 620 4249 quae
655 4164 749 4224 sunt:
784 4165 842 4224 aut
870 4159 885 4224 1
915 4158 1067 4246 Pdpsicae
1092 4157 1155 4226 sice

1036 4282 1057 4349 3
