2922 5024
175 704 234 774 tim
260 704 301 773 de
329 691 380 773 bis
406 701 551 772 soulerri
576 711 765 771 merentur:
801 705 975 774 Stetisticol
998 723 1149 777 accounts

174 821 215 911 of
241 820 290 888 tbe
322 816 456 887 Brittisb
489 817 661 884 settemonts
685 816 720 883 io
745 818 880 886 Austrol
907 819 1003 898 Ario,
1038 821 1146 889 inolu-

173 931 253 1020 dinp
286 931 335 999 tlte
370 929 506 998 colonias
540 931 580 1018 of
605 949 675 996 new
710 928 811 998 Soutb
838 931 957 1000 'Wotes
991 935 1059 1001 ond
1083 957 1148 1002 uon

172 1043 413 1112 Diemeoslond.
471 1041 522 1128 Bp
556 1039 869 1110 G.Wuurwonr11
893 1043 971 1136 Esq.
999 1067 1020 1113 o
1044 1047 1149 1116 oratioe

173 1159 215 1246 of
233 1156 334 1224 Soutb
366 1154 482 1224 Woles.
532 1153 671 1221 Londou
696 1155 804 1236 tart,
839 1155 865 1224 5
890 1153 978 1224 Edit.

222 1267 362 1336 Malefioi
397 1264 455 1360 qui
479 1287 569 1332 nuno
594 1264 840 1334 transferuntur
865 1265 900 1334 in
924 1267 1146 1352 lustrabam,

174 1388 251 1450 aute
284 1379 320 1448 in
352 1377 542 1448 Amerinam
573 1377 876 1468 septentrionalem
900 1382 1148 1452 transfereban-

174 1500 253 1570 tur,
287 1488 346 1558 ubi
382 1498 494 1558 tamen
527 1489 652 1559 nullam
686 1490 851 1561 coloniam
885 1492 927 1562 iis
962 1494 1150 1586 specialiter

174 1601 373 1672 destinatam
406 1602 646 1694 possidebant,
680 1603 782 1698 idque
816 1615 938 1676 eventu
958 1593 1147 1690 inustione,

173 1737 273 1786 namt

226 1829 257 1896 1.
306 1826 427 1918 Anglia
451 1825 655 1897 liberabatur
679 1825 848 1897 maleficis.

221 1943 256 2008 2.
307 1939 527 2010 Consuetudo
561 1937 790 2010 maleficorum
822 1939 911 2010 inter
935 1965 972 2012 se
996 1943 1147 2035 plerum·

172 2073 240 2144 que
276 2033 606 2143 interrumpebatur,
646 2073 751 2145 quum
789 2053 913 2125 sensim
953 2055 1146 2148 sensimque

171 2162 397 2232 miscebantur
422 2186 498 2232 eum
523 2163 742 2254 populatione
767 2164 986 2248 colonorum,
1012 2177 1045 2238 et
1063 2167 1147 2238 baeo

172 2275 341 2368 separatio
378 2274 607 2344 maleficorum
641 2275 742 2355 etiam
773 2277 971 2367 proficiebat
1002 2281 1145 2351 amelio-

171 2387 294 2458 rationi
318 2387 438 2457 morali
462 2386 713 2456 individuorum
738 2385 968 2458 criminalium.
1053 2417 1056 2423 ·

222 2499 321 2570 Certe
345 2499 429 2569 haeo
453 2499 567 2570 omnia
594 2498 734 2594 Augllae
763 2499 857 2569 utilia
887 2513 1000 2584 eraut,
1034 2513 1145 2574 tamen

170 2611 329 2682 Frauklin
366 2633 384 2678 e
417 2611 548 2679 Boston
578 2612 621 2680 ad
645 2611 867 2682 Ministerium
892 2614 1068 2706 Anglioum
1093 2617 1145 2686 le-

171 2733 291 2817 gatus,
330 2732 368 2791 ut
401 2719 619 2792 abolitionem
651 2713 901 2813 importationis
927 2726 1146 2798 malifioorum

173 2845 413 2906 extraneomm
450 2833 663 2926 impetraret,
696 2829 975 2928 oppugnantibus
1014 2839 1146 2932 objicit:

173 3001 196 3041 „
222 2949 333 3020 Seriez
370 2970 457 3018 vous
492 2955 630 3016 content
663 2947 692 3016 si
717 2971 805 3018 nous
831 2971 917 3020 vous
943 2951 1144 3044 impordons

173 3117 196 3156 „
220 3063 252 3132 le
286 3070 422 3154 serpent
455 3059 717 3131 bsonnettes?”
766 3061 859 3132 Haeo
885 3065 1038 3155 quaestio
1066 3069 1145 3138 satis

172 3176 296 3247 indicat
319 3175 471 3268 iniquum
497 3195 571 3242 esse
596 3171 765 3242 maleficos
793 3173 996 3264 deportare,
1021 3179 1085 3248 nisi
1110 3179 1145 3250 in

173 3287 341 3358 coloniam
372 3285 557 3356 institutam
590 3282 657 3353 hoo
690 3284 773 3366 fine,
813 3296 846 3353 et
879 3311 899 3356 a
931 3289 1040 3379 patria
1066 3314 1146 3359 ous-

173 3399 325 3470 toditam.
892 3415 894 3422 '

221 3515 266 3583 Et
299 3520 412 3581 utrum
445 3509 528 3581 baec
554 3531 660 3601 seopo
686 3511 913 3603 respondeant
938 3515 1143 3608 proposito?

52 3675 55 3680 -
172 3625 371 3696 Dubitamus
397 3622 442 3693 ob
469 3622 617 3693 rationes
644 3625 847 3718 sequentes?
958 3705 960 3714 A

223 3740 255 3808 1.
305 3736 505 3829 Deportatio
541 3734 618 3828 ipsa
653 3739 819 3808 minorem
856 3763 1001 3832 poenam
1035 3734 1163 3814 male-v

169 3849 239 3920 fiais
265 3849 456 3930 constituit,
495 3847 553 3942 qui
577 3849 776 3945 plerumque
801 3853 898 3922 nullis
924 3853 1064 3924 vinculis
1092 3857 1143 3926 nl-

171 3961 329 4045 finitatis,
371 3985 434 4031 neo
476 3979 592 4030 amore
626 3963 761 4054 speciali
794 3965 922 4056 patriae
956 3989 1033 4035 cum
1065 3967 1142 4037 loeo

171 4073 271 4146 natali
297 4073 467 4169 conjuncti
491 4082 579 4154 sunt.

220 4190 254 4254 2.
305 4186 440 4257 Minime
475 4197 532 4258 aut
566 4207 686 4278 parum
722 4186 804 4257 alios
837 4190 1004 4270 deterret,
1044 4215 1144 4282 prae-
