2926 5034
758 497 806 562 72

297 679 392 748 sione
424 701 564 770 asperae
594 679 748 748 arteriae.
798 679 954 769 Laqueus
984 675 1083 746 laxus
1113 675 1268 770 latusque

294 792 493 861 nullomodo
528 811 593 860 nos
625 791 784 860 inducere
817 797 954 880 potest,
991 798 1030 858 ut
1063 789 1268 880 eompressi-

296 926 399 974 onem
442 903 630 974 earotidum
672 913 730 973 aut
767 924 931 972 venarum
967 901 1175 996 jugularium
1208 901 1270 972 ad·

295 1016 490 1095 mittamus:
531 1016 672 1086 fortuito
716 1039 816 1097 casu,
859 1015 894 1084 hi
934 1015 1030 1084 nervi
1072 1015 1271 1085 videbantur

295 1127 490 1209 neustrioti,
522 1137 556 1198 et
578 1128 665 1199 hane
691 1129 735 1197 ob
761 1127 926 1198 rationem
952 1128 1101 1196 oeolusio
1128 1128 1271 1197 convul-

294 1238 367 1310 siva
396 1240 585 1312 relleotoria
617 1242 786 1334 glottidis‚
820 1239 933 1332 potius
964 1240 1168 1310 admittenda
1193 1261 1269 1310 esse

293 1351 437 1422 videtur.

344 1465 569 1558 Opinionibus
601 1467 812 1539 diversorum
836 1475 1125 1560 perscrutatorum
1150 1473 1184 1533 et
1208 1487 1267 1532 ar-

293 1579 460 1669 gumentis
507 1577 745 1670 principalibus
792 1579 983 1672 expositis,
1040 1576 1267 1648 confitendum

293 1699 363 1771 est,
406 1713 461 1760 me
499 1689 606 1760 nullas
642 1714 758 1760 earum
793 1691 963 1760 exclusive
995 1689 1162 1782 probare,
1207 1689 1267 1760 sed

293 1801 468 1894 sequentia
504 1811 543 1871 ut
575 1802 752 1874 rationalia
785 1803 991 1875 admittenda
1022 1803 1105 1873 mihi
1137 1801 1266 1884 videri,

291 1914 385 2010 quod
409 1916 570 1986 nonnulla
596 1918 826 2009 experimenta
852 1917 1061 1986 eonlirmant.

345 2029 376 2098 1.
428 2029 562 2110 Credo,
604 2031 761 2099 universe
794 2039 833 2100 ut
866 2051 1002 2098 eausam
1035 2026 1155 2097 mortis
1188 2045 1266 2094 sus·

290 2139 473 2231 pensione,
516 2141 731 2233 apoplexiam
770 2151 804 2211 et
837 2142 1036 2235 asphyxiam
1070 2139 1264 2233 conjunctas

289 2251 511 2322 admittendas
538 2275 631 2336 esse,
658 2255 718 2324 sed
743 2264 970 2349 symptomata
995 2255 1175 2324 alterarum
1199 2251 1263 2322 ha-

289 2389 366 2436 rum
407 2389 585 2440 causarum
629 2367 803 2448 eminere,
847 2389 911 2458 pro
946 2365 1085 2435 diversis
1119 2365 1264 2434 eircum-

288 2479 429 2550 stantiis.

339 2594 374 2660 2.
425 2590 543 2682 Neque
575 2590 783 2662 luxationem
817 2590 1048 2662 vertebrarum
1073 2589 1168 2671 nolli,
1201 2613 1263 2662 ne-

289 2725 356 2798 que
397 2703 581 2774 laesionem
622 2705 786 2776 medullae
821 2705 1023 2798 oblongatae
1056 2713 1095 2774 ut
1127 2727 1263 2776 oausam

288 2817 507 2910 principalem
556 2820 700 2899 mortis,
754 2821 911 2889 universe
962 2818 1091 2888 admitti
1137 2841 1263 2910 posse,

287 2951 394 3022 quum
427 2949 530 3018 supra
560 2930 704 2998 vidimus
732 2953 788 2998 eas
814 2930 848 2998 in
875 2929 1096 3019 suspensione
1121 2953 1263 3022 prorsus

287 3062 474 3131 numquam
500 3039 663 3108 obtinere.

338 3153 372 3222 3.
422 3151 540 3245 Neque
572 3151 779 3223 rationaliter
817 3149 996 3244 separatim
1034 3155 1262 3245 compressio-

288 3289 366 3335 nem
397 3287 556 3336 rasorum
586 3287 837 3358 nervorumque
862 3263 991 3333 admitti
1016 3287 1137 3357 posse,
1172 3291 1262 3362 quo-

286 3379 378 3448 niam
401 3378 436 3448 in
462 3400 543 3447 easu
568 3377 675 3470 priori
702 3377 900 3470 apoplexia,
934 3378 969 3446 in
995 3379 1178 3469 posteriori
1204 3405 1261 3452 as·

285 3489 434 3594 phyxia,
458 3489 713 3583 produceretur.

336 3603 425 3672 Huie
465 3600 618 3692 opinioni
659 3601 822 3670 adductus
865 3624 941 3670 sum
982 3603 1144 3696 quoniam
1179 3606 1260 3675 milri

288 3714 444 3785 videntur
477 3711 659 3804 scriptores
693 3712 816 3784 diversi
850 3713 1034 3797 erravisse,
1067 3739 1172 3810 quum
1198 3717 1260 3788 ad·

286 3827 423 3897 mittunt
456 3826 691 3895 tantummodo
717 3848 853 3894 oausam
879 3827 1012 3896 unicam
1038 3829 1259 3912 abstraotam,

287 3961 374 4034 quae
407 3961 591 4031 numquam
626 3937 806 4031 separatim
839 3938 874 4006 in
899 3939 997 4030 praxi
1023 3940 1167 4010 existere
1192 3963 1260 4032 po-

286 4063 361 4123 test.
423 4051 607 4135 Quomodo
651 4051 770 4144 aliquis
803 4051 929 4142 fingere
962 4062 1080 4142 posset
1114 4075 1259 4146 suspen.-

287 4190 380 4250 sum,
417 4167 445 4236 si
479 4187 546 4236 non
582 4187 689 4256 aeque
723 4162 884 4258 requisita
910 4164 1169 4256 compressionis
1196 4191 1257 4240 va-
