2922 5024
659 515 703 584 85

187 705 223 766 ut
253 718 325 767 uno
351 696 421 766 ictu
448 703 548 788 caput
574 719 594 766 a
619 705 740 766 trunco
767 715 925 788 separare
950 697 1069 788 possit.
1121 697 1160 765 ln

185 809 385 902 peragendis
419 808 470 878 bis
506 809 803 891 exsecutionibus,
846 831 964 882 sensus
1000 809 1160 880 humaui-

185 924 263 994 tatis
307 931 340 992 et
382 922 631 993 commiseratio
673 945 811 993 manum
853 921 1014 992 carnificis
1049 922 1161 992 minus

183 1036 315 1106 firmam
347 1034 488 1104 reddere
522 1035 639 1117 debet,
677 1058 789 1127 neque
822 1034 877 1104 bio
911 1055 1029 1102 sensus
1060 1034 1160 1124 plane

188 1148 337 1240 extingui
378 1147 526 1240 poterit,
574 1148 674 1217 etiam
715 1149 750 1218 in
792 1146 1000 1216 carnificibus
1043 1146 1161 1216 rudio-

186 1261 279 1331 ribus
327 1271 361 1330 et
408 1260 681 1348 exsecutionibus
722 1258 1032 1351 frequentioribus3
1085 1254 1159 1351 (ne-

186 1397 252 1468 que
301 1373 467 1445 hodierno
518 1382 673 1464 tempore
723 1371 898 1440 admittere
947 1392 1158 1462 possumus,

186 1508 246 1555 eos
281 1508 348 1554 usu
381 1484 578 1577 quotidiano
604 1483 821 1578 assuescere.)
871 1483 922 1554 Ab
948 1483 1053 1554 altera
1078 1506 1159 1576 par-
1290 1475 1299 1492 '

185 1607 219 1668 tc
251 1597 377 1690 positio
410 1596 619 1687 praescripta
642 1595 798 1686 patientis
824 1595 860 1665 in
885 1579 1059 1687 genubus,
1093 1596 1159 1666 mi-

183 1710 272 1780 nime
306 1731 411 1801 scopo
445 1707 639 1799 respondet.
697 1710 735 1776 lu
767 1707 831 1777 hac
861 1708 1050 1800 positione,
1085 1708 1159 1800 gla-

182 1823 256 1893 dius
303 1845 446 1914 parvum
483 1821 639 1890 renixum
677 1816 841 1890 directum
880 1821 1075 1911 experitur,
1124 1832 1158 1890 et

180 1935 235 2006 bic
276 1937 415 2006 renixus
457 1936 527 2004 lere
569 1934 678 2004 adbuc
718 1940 758 2002 ut
800 1931 955 2000 clastious
998 1932 1157 2002 conside·

179 2048 315 2120 randus.
385 2048 546 2130 Gladius,
599 2045 761 2140 quoniam
809 2043 895 2114 ictus
941 2043 975 2112 in
1026 2053 1157 2142 partem

182 2161 409 2254 posteriorem
460 2135 591 2228 nucbae
640 2158 830 2250 infligitur,
893 2156 1003 2249 primo
1055 2157 1157 2227 attin-

181 2273 232 2366 git
263 2271 455 2353 vertebras,
489 2291 573 2363 quas
607 2270 770 2339 fractione
804 2279 863 2338 aut
888 2269 1052 2350 contritu,
1086 2270 1156 2340 ictu

180 2387 330 2456 violento
365 2406 523 2475 separare
558 2381 674 2460 debet,
713 2377 803 2474 (nam
835 2380 919 2450 falsa
953 2390 1004 2450 est
1039 2382 1155 2474 opinio

181 2521 324 2580 eorum,
361 2496 420 2589 qui
445 2496 586 2566 creduut
611 2494 800 2564 carnificem
826 2492 1067 2564 exercitatione
1092 2517 1152 2566 ao-

181 2621 296 2682 curate
328 2610 364 2680 iu
397 2608 610 2678 interstitium
643 2607 875 2677 vertebrarum
908 2606 1007 2676 ferire
1032 2627 1155 2698 posse,

178 2733 355 2818 praeterea
388 2721 454 2789 hoo
486 2719 698 2788 intervallum
729 2720 866 2788 minime
898 2719 986 2788 iuter
1011 2743 1158 2810 corpora

180 2836 412 2907 vertebrarum
446 2830 588 2927 existit);
626 2831 826 2925 plerumque
859 2853 949 2900 nunc
982 2829 1033 2900 vis
1067 2831 1156 2901 ictus

178 2950 250 3044 jum
290 2946 474 3038 frangitur,
509 2953 543 3013 et
576 2966 700 3035 corpus
735 2943 818 3014 semi
852 2943 1072 3026 decollatum,
1119 2952 1188 3014 ut·

181 3060 388 3153 experientia
422 3079 523 3148 saepe
557 3055 694 3138 docuit,
729 3067 922 3126 antrorsum
951 3053 1158 3147 impulsione

175 3174 278 3263 vcadit.
330 3171 396 3241 Sed
420 3190 587 3263 ponamus
613 3167 648 3236 id
672 3190 742 3236 nou
767 3169 935 3250 accidere,
963 3177 996 3237 et
1022 3169 1156 3240 carnifi-

180 3310 254 3356 cem
296 3285 441 3376 peritum
469 3279 668 3350 dexteritate
700 3288 801 3371 caput
828 3289 1017 3350 sustentare
1041 3282 1155 3372 gladio

178 3399 268 3480 leto,
302 3405 375 3466 tum
408 3395 517 3466 adbuc
549 3402 662 3485 partes
695 3391 866 3461 molliores
892 3392 1156 3483 perscindendee

181 3519 282 3593 sunt,
328 3508 421 3601 quod
462 3507 572 3577 minus
614 3506 709 3577 facilc
742 3514 816 3588 est,
860 3527 962 3599 quam
995 3529 1016 3576 a
1048 3505 1155 3597 priori

180 3622 368 3695 videbatur.

231 3737 320 3806 Nam
344 3734 475 3826 gladius
500 3755 570 3802 uon
596 3734 706 3826 agitur
723 3731 844 3800 eodem
860 3732 965 3801 modo
983 3756 1024 3802 ac
1042 3753 1155 3816 serra,

179 3872 248 3943 quo
282 3848 377 3918 facilc
412 3846 596 3928 scinderet,
632 3846 692 3915 sed
725 3843 832 3935 magis
868 3845 1043 3935 pressione
1069 3869 1154 3915 con-

177 3962 340 4030 tundeute
375 3967 481 4028 tentat
506 3968 618 4050 partos
645 3957 817 4027 molliores
845 3979 1022 4047 separare,
1059 3959 1153 4049 quod

177 4096 383 4168 magnopere
417 4073 573 4142 ellectum
597 4070 776 4162 impediet;
809 4069 843 4137 id
870 4071 1026 4140 omuibus
1055 4080 1153 4161 pate-

177 4173 243 4275 bitf
259 4187 286 4257 si
319 4187 586 4260 animadvertunt
614 4173 796 4253 sectionem
822 4183 1048 4273 perdifficilem
1077 4182 1149 4252 cul·
