2922 5024
759 435 826 502 108

341 621 478 690 Praetor
502 637 680 686 numerum
706 617 875 708 ingentem
902 618 1105 710 scriptorum
1119 628 1162 689 et
1183 640 1267 711 pro-

292 733 519 826 positionum,
562 729 689 821 passim
726 729 781 798 hic
814 730 881 799 illic
915 731 1146 822 experimenta
1170 730 1268 800 insti-

293 856 366 916 tuta
399 853 496 926 sunt,
540 851 576 912 ut
609 841 737 934 optima
768 842 854 914 ratio
889 843 1147 914 modificationis
1172 843 1268 913 inve-

292 957 434 1026 niretur.
493 954 595 1026 Plane
629 977 673 1024 ex
699 963 884 1048 conspectu
910 956 1044 1028 diverso
1070 955 1154 1026 haee
1178 978 1267 1048 poe-

294 1093 339 1140 na
370 1067 576 1138 considerari
610 1077 732 1160 coepta
766 1078 817 1138 est
851 1093 953 1162 quam
986 1079 1084 1140 antea
1110 1070 1183 1139 lieri
1209 1091 1270 1138 so-

295 1183 404 1262 lebat3
446 1203 569 1272 nempe
601 1180 637 1250 in
663 1181 741 1274 jure
774 1183 926 1252 Mosaico
952 1182 1094 1251 seclusio
1121 1190 1271 1251 tautum-

294 1294 399 1364 modo
442 1292 586 1364 faciebat
629 1294 671 1364 ad
717 1295 955 1364 custodiendos
996 1293 1181 1373 malificos3
1234 1293 1272 1362 in

291 1408 370 1501 jure
402 1409 558 1478 Romano
592 1415 728 1498 praeter
759 1406 850 1476 hunc
882 1408 982 1476 finem
1007 1427 1159 1476 carceres
1183 1428 1272 1498 poe-

297 1520 349 1590 nis
387 1517 599 1610 gravioribus
635 1517 791 1588 destinati
825 1527 938 1599 eraut,
975 1518 1143 1601 metallis,
1184 1518 1274 1588 fodi·

297 1631 369 1712 nis,
411 1637 474 1698 cet.
534 1628 601 1698 Sed
633 1628 737 1698 modo
769 1651 838 1721 quo
863 1629 899 1698 ia
925 1629 1168 1699 condemnatos
1194 1652 1272 1701 sae-

298 1741 462 1822 viebant,
513 1740 697 1833 apparebat
738 1741 920 1812 vindictam
968 1742 1129 1813 socialem
1167 1743 1275 1836 priori

298 1855 376 1926 loco
409 1853 537 1924 haberi.
586 1856 625 1924 In
646 1855 723 1948 jure
750 1854 943 1937 Canonioo,
976 1855 1120 1925 seclusio
1147 1877 1274 1948 perpe-

299 1978 359 2040 tua
401 1976 436 2038 et
476 1967 671 2058 temporalis
706 1967 814 2059 magis
849 1977 922 2040 erat
954 1969 1161 2061 poenitentia
1193 1969 1275 2038 reli-

300 2081 408 2171 giosa.
477 2079 592 2159 Quum
641 2079 728 2149 hauc
769 2102 917 2172 poenam
948 2081 984 2151 in
1023 2083 1138 2152 Const.
1172 2081 1276 2152 Crim.

303 2191 414 2261 Carol.
449 2199 730 2283 perscrutamur,
775 2194 975 2285 praesertim
1007 2218 1082 2265 eam
1115 2193 1278 2264 inservire

301 2303 454 2374 videmus
492 2304 571 2374 loco
606 2306 808 2376 muletarum
841 2329 910 2376 non
946 2306 1145 2378 soluturum.
1201 2308 1278 2378 lam

302 2417 338 2488 in
370 2417 434 2489 hac
465 2417 541 2508 lege
573 2417 709 2508 poenali
742 2417 890 2499 rudiori,
940 2417 1128 2502 incultiori,
1170 2421 1279 2512 prima

303 2528 495 2598 rudimenta
536 2528 734 2598 seclusionis
777 2527 946 2601 solitariae
977 2529 1185 2616 invenimus,
1237 2531 1279 2601 de

305 2639 426 2734 quihus
451 2639 548 2710 iufra.

351 2751 443 2823 Finis
477 2776 546 2848 quo
577 2752 743 2825 hodierno
768 2765 922 2845 tempore
947 2755 1091 2826 seclusio
1119 2754 1277 2826 conside-

304 2866 411 2937 randa
436 2874 506 2946 est,
531 2864 582 2932 his
609 2875 742 2934 constat
765 2866 975 2934 rationibus:

354 2978 381 3044 Ι.
432 2976 598 3044 Succusro
622 2997 735 3044 nunur
752 2996 872 3044 uanuu
889 2972 1049 3068 (rossan)
1068 2997 1280 3048 cossurus-

305 3110 350 3157 nu
374 3106 556 3155 uanurrco.

354 3202 397 3272 lt.
447 3201 566 3270 Danur
600 3221 670 3271 nnn
694 3221 867 3272 muocuuu
890 3223 1069 3284 nannrnu,
1106 3225 1152 3273 ur
1178 3225 1280 3274 mru-

308 3337 389 3386 nmn
430 3334 601 3394 ouomuus
640 3335 802 3385 socrnras
840 3336 991 3387 onuoxm
1022 3339 1074 3388 srr
1105 3339 1183 3390 usus
1209 3339 1280 3388 uo-

308 3449 477 3499 armamus
505 3448 750 3497 cursuscursus.

357 3543 415 3610 ΙΙΙ.
467 3539 616 3621 Qasrnu
651 3561 742 3608 rrum
784 3559 918 3612 rornsr
963 3565 1160 3617 usnurrcuu
1192 3566 1281 3614 sun-
1370 3568 1374 3574 ·

311 3671 471 3721 nronsnn.

361 3763 502 3834 Multum
540 3764 682 3834 certein
706 3773 884 3858 utramque
908 3777 1039 3858 partem
1065 3768 1106 3837 de
1131 3768 1283 3859 applica·

312 3878 405 3949 tione
445 3877 545 3971 hujus
579 3899 710 3970 poenae
736 3877 899 3970 disputari
925 3889 1050 3972 potest.
1101 3880 1285 3950 Commen-

314 3990 386 4062 dari
401 3997 537 4083 potest:

366 4107 397 4174 1.
449 4101 619 4186 Quoniam
657 4101 799 4176 admittit
832 4101 1027 4176 latissimam
1052 4103 1284 4198 gradationem
