2922 5024
191 745 213 784 „
236 691 483 786 l’approbatiou
517 711 583 786 que
609 687 651 764 de
677 709 764 760 eeux
790 689 849 783 qui
874 714 916 760 ue
942 694 1158 767 connaissent

188 870 213 934 ,ἶ
237 818 270 892 la
302 817 428 892 soeittt
462 815 562 911 qu’eu
596 813 760 901 ehimtre',
797 824 832 886 et
863 815 935 888 doit
959 822 1030 890 ttre
1054 821 1158 916 rejett

190 997 214 1036 „
239 967 302 1038 per
326 941 579 1040 rexperienoel’

645 1071 704 1142 xl.

239 1227 278 1298 Iu
310 1227 334 1298 l.
367 1225 427 1299 32.
461 1226 489 1322 §
523 1229 559 1299 2.
592 1227 635 1297 D.
670 1225 713 1296 de
744 1225 831 1319 Aeq.
855 1224 909 1296 vel
934 1225 1040 1298 amitt.
1065 1249 1159 1322 poss.

191 1351 239 1425 sie
262 1351 460 1448 legendum:
497 1378 577 1425 uam
602 1353 749 1449 alioquin
773 1353 886 1424 nuilus
911 1377 1082 1427 cousensus
1106 1358 1160 1427 in-

186 1481 288 1576 santie
312 1495 356 1552 est
380 1480 550 1574 accipienti
567 1480 806 1574 possessionem.

636 1633 710 1704 xu.

237 1787 289 1857 De
315 1785 454 1859 arbitrio
480 1809 524 1858 ex
549 1787 817 1880 compromisso,
838 1785 917 1880 jure
941 1793 1062 1858 nostro
1087 1807 1161 1860 me-

189 1910 253 1983 lius
278 1923 414 1986 cautum
440 1923 492 1985 est
516 1935 620 2009 quam
639 1912 718 2008 jure
740 1911 917 1984 Francico.

629 2067 719 2139 XIII.

237 2220 434 2316 Designatio
468 2220 660 2292 executoris
693 2221 958 2308 testamentarii,
991 2223 1026 2295 in
1051 2231 1158 2297 teste·

187 2358 303 2420 mento
336 2345 526 2442 olographa
560 2347 621 2418 sed
652 2368 722 2418 nou
760 2347 917 2441 deposito
942 2347 1034 2442 apud
1057 2357 1159 2424 nota-

187 2475 294 2562 rium,
318 2474 430 2548 valida
454 2496 529 2546 esse
554 2472 652 2547 uobis
677 2472 821 2546 videtur.

635 2629 724 2702 xlv.

235 2781 356 2854 Melior
394 2793 456 2854 art.
490 2783 563 2856 310
597 2781 682 2855 eod.
716 2781 789 2854 Giv.
823 2781 934 2858 Neerl.
968 2803 1070 2878 quam
1094 2781 1159 2858 tut

188 2905 259 2980 315
298 2908 383 2982 Cod.
426 2909 499 2982 Civ.
535 2911 685 2996 Frene,
726 2908 788 2982 ubi
826 2908 932 2982 verbe
984 2959 1008 3001 „
1031 2933 1159 3005 potera

189 3037 253 3106 ttre
283 3038 461 3109 coemite?
510 3035 648 3108 minime
674 3053 782 3130 scopo
808 3036 988 3130 proposito
1013 3058 1159 3132 respou-

191 3161 280 3232 dent.

640 3314 714 3386 XV.

239 3468 457 3565 Quamquam
488 3468 660 3565 legislator
693 3467 770 3542 cod.
799 3468 1160 3564 procuratrice

187 3595 363 3668 arbitrium
395 3593 569 3690 prohibuit
597 3597 636 3672 iu
669 3616 751 3669 casu
775 3603 837 3668 ert.
867 3595 964 3666 tout
996 3593 1078 3668 nihil
1102 3604 1158 3670 tu-

186 3744 266 3794 men
291 3722 400 3794 effecit
424 3721 577 3817 pertibus
601 3723 718 3798 relicta
741 3731 911 3818 potestate
936 3722 1154 3820 transigendi.

625 3877 715 3950 XVI.

238 4034 309 4103 Art.
340 4032 425 4104 247.
485 4033 569 4106 eod.
596 4057 697 4132 poen.
725 4033 885 4133 aequitati
912 4042 945 4106 et
971 4057 1072 4109 sanae
1098 4061 1157 4111 ra·

188 4156 273 4248 tiqui
299 4159 527 4234 adversantur.
