2922 5024
430 1347 696 1426 Pomm
732 1348 859 1428 m
860 1348 1126 1427 0111&ss-

614 1617 949 1668 &mn——

351 1968 496 2080 Poenae
521 2007 698 2102 psychioae
725 2029 812 2101 quae
838 2007 1073 2079 tantummodo
1099 2007 1269 2078 hominem

297 2121 460 2190 moralem
491 2121 625 2190 laedere
658 2129 824 2214 possunt,
860 2131 933 2210 aut,
952 2145 1029 2192 oum
1054 2122 1126 2192 aliis
1152 2121 1271 2215 poenis

299 2233 524 2326 conjunctae,
564 2242 624 2306 aut
649 2234 831 2327 separatim
856 2234 1067 2320 adhibentur.

348 2345 489 2418 Infamia
529 2345 690 2440 simplex,
741 2347 815 2438 lege
856 2347 1000 2430 inflicta,
1041 2347 1112 2416 sine
1153 2346 1274 2439 poenis

239 2485 240 2490 ¹
300 2459 553 2552 corporalibus,
581 2456 946 2552 (eerloosverklaring),
971 2458 1039 2528 vid.
1064 2459 1140 2528 infr.
1167 2468 1200 2529 et
1220 2460 1274 2528 in-

299 2573 434 2643 terdum
449 2571 585 2640 infamia
603 2593 690 2663 quae
707 2593 784 2639 enm
801 2570 921 2662 poenis
939 2571 1171 2664 corporalibus
1189 2595 1274 2642 eon-

296 2687 414 2780 jnnota
439 2693 509 2767 est,
547 2693 702 2757 accurate
727 2706 894 2776 perpensa
911 2693 962 2754 est
982 2683 1150 2756 anomalia
1174 2707 1276 2780 quam

301 2798 474 2892 legislator
498 2798 532 2867 in
554 2797 683 2870 theoria
705 2808 835 2866 tantum
851 2796 1019 2888 applicare
1035 2807 1172 2889 potest,
1198 2820 1276 2868 nam

302 2912 337 2980 in
373 2909 472 3001 praxi
503 2910 560 2977 lex
592 2931 662 2976 non
696 2907 803 2997 magis
828 2907 994 2976 honorem
1019 2918 1077 2978 aut
1103 2909 1277 2980 existima-

302 3023 431 3090 tionem
455 3019 554 3088 alicui
578 3017 725 3086 tribuere
751 3025 867 3108 potest
883 3041 985 3111 qnam
1003 3019 1168 3099 adimere;
1195 3021 1275 3112 opi-

302 3133 360 3204 nio
386 3129 520 3224 publiea
543 3129 610 3200 hoo
634 3130 669 3199 in
694 3151 775 3200 casu
799 3130 963 3225 majorem
987 3131 1056 3202 vim
1079 3131 1181 3204 habet
1200 3133 1276 3226 lege

304 3244 457 3341 poenali,
491 3243 585 3338 quod
619 3243 753 3336 saepius
786 3243 821 3313 in
847 3241 1007 3316 societate
1033 3245 1185 3316 accidere
1211 3245 1276 3316 ob-

305 3380 503 3440 servamus,
547 3357 682 3451 qnando
716 3356 832 3449 opinio
862 3358 1026 3451 generalis
1053 3368 1087 3427 et
1110 3359 1167 3430 lex
1192 3381 1277 3428 oon-

307 3474 411 3546 traria
436 3471 651 3541 contendunt.
676 3513 727 3526 —-
775 3471 865 3540 Num
890 3471 1010 3564 aliquis
1037 3494 1188 3566 unquam
1214 3472 1276 3542 de-

182 3601 185 3606 '
306 3590 450 3659 samatos
480 3583 619 3656 haberet
644 3593 703 3653 aut
728 3584 1048 3655 Ononnnanunvnnn
1073 3593 1278 3665 nostratem,

309 3709 367 3772 ant
401 3697 540 3768 comites
573 3697 721 3767 Eononn
756 3706 789 3766 et
820 3698 966 3780 Hoonn,
1010 3705 1069 3766 ant
1102 3697 1185 3768 alios
1221 3695 1280 3789 qui

310 3813 451 3882 durante
497 3809 709 3880 revolutione
752 3809 877 3881 Gallica
918 3832 1046 3902 poenas
1083 3809 1280 3881 infamantes
1370 3892 1374 3903 Ι

310 3924 402 4019 passi
427 3927 534 3993 snut?

361 4035 532 4110 Sententia
580 4035 665 4128 legis
706 4031 841 4103 minime
882 4033 1050 4105 infamiam
1093 4035 1282 4128 producere

312 4160 443 4244 potest,
487 4147 545 4219 sed
574 4147 737 4242 judicium
773 4146 940 4240 opinionis
975 4148 1151 4241 publicae,
1195 4173 1282 4244 quae
