2922 5024
714 404 783 473 100

263 607 403 656 naccum
436 585 625 654 universale
651 607 750 669 esse,
788 589 823 656 in
848 585 985 657 dustria
1008 585 1043 654 in
1069 585 1161 654 viros
1187 581 1238 653 ic·

187 789 198 810 ·
262 697 363 768 tubus
396 698 529 779 baculi,
573 706 606 766 et
638 698 672 767 in
706 699 845 770 seminas
879 720 1074 792 puerosque
1099 696 1240 788 virgulis

263 811 440 903 applicari,
466 811 622 904 idemque
647 811 682 879 in
707 812 844 882 Prussia
869 811 1045 893 obtinere,
1072 819 1106 879 et
1133 831 1238 903 quum

263 923 307 992 ad
330 923 486 994 Russiam
512 923 711 994 attendimus
737 925 797 994 ubi
821 926 975 1017 proiecto
1002 923 1106 992 modo
1134 922 1236 992 mini-

263 1057 318 1104 me
354 1035 595 1106 humanissimo
637 1037 845 1128 applicatur,
902 1046 974 1105 tum
1012 1057 1140 1128 quaero
1176 1056 1237 1102 cur

266 1147 353 1218 hanc
383 1171 529 1240 poenam
562 1159 601 1218 ut
636 1149 841 1221 nationalem
866 1148 956 1241 apud
980 1154 1148 1217 nostrates
1175 1145 1238 1215 ad-

264 1282 491 1331 numeremus.
1109 1271 1111 1276 '

316 1373 531 1469 Quamquam
555 1377 698 1446 multum
724 1385 758 1444 ct
781 1375 909 1455 mrdta,
946 1370 1156 1464 temporibus
1180 1392 1240 1438 re·
1316 1375 1321 1388 ’

266 1486 470 1556 centiorihus
509 1497 627 1558 contra
658 1487 744 1556 hane
777 1509 924 1577 poenam
958 1484 1102 1554 adducta
1138 1490 1241 1562 sunt,

264 1599 400 1667 minime
435 1621 510 1668 eam
544 1598 643 1690 plane
674 1598 814 1690 rejicere
838 1618 982 1688 possum
1006 1605 1044 1666 ut
1069 1596 1242 1687 indignam

263 1707 468 1780 humanitate
502 1718 536 1778 et
570 1732 676 1802 scopo
710 1709 889 1800 proposito
924 1732 995 1777 non
1025 1709 1239 1802 responden-

265 1833 353 1906 tem,
397 1832 431 1892 et
462 1845 669 1916 quamquam
703 1831 792 1890 certe
825 1821 1048 1892 incommodis
1085 1822 1239 1900 laborat,

265 1945 379 2006 tamen
415 1935 516 2005 credo
552 1959 627 2006 eam
655 1957 802 2027 poenam
816 1933 1038 2026 'corporalem
1064 1932 1180 2001 utilem
1209 1941 1243 1999 ct

267 2058 381 2140 aptam
413 2071 507 2130 esse,
547 2070 653 2142 quum
678 2046 885 2116 rationaliter
910 2055 944 2115 et
970 2068 1047 2114 cum
1073 2043 1241 2138 aequitate

267 2159 453 2230 adhibetur.

315 2271 471 2366 Plerique
518 2270 599 2340 mihi
651 2271 805 2341 assentiri
848 2260 1066 2353 debebunts
1096 2293 1243 2364 poenam

267 2383 493 2476 instigationis
536 2383 692 2452 omnihus
733 2384 803 2450 fere
845 2383 1039 2474 requisitis,
1088 2407 1176 2476 quae
1208 2384 1244 2453 in

266 2517 378 2586 poena
431 2493 587 2562 rationali
629 2493 844 2586 quaerimus,
895 2495 1107 2574 satisfacere3
1154 2497 1244 2564 conf.

266 2630 300 2698 p.
323 2608 378 2675 16.
397 2628 447 2700 sq.
465 2649 516 2659 -
542 2605 577 2674 Si
590 2629 667 2675 cum
680 2605 754 2708 aliis
765 2605 884 2700 poenis
899 2609 1131 2700 corporaiihus
1146 2631 1243 2677 oom-

266 2717 362 2788 muni
386 2718 469 2789 vitio
496 2717 648 2800 laborat,
674 2719 767 2812 quod
791 2719 953 2790 indirecte
970 2722 1244 2814 propinquorum

265 2833 390 2901 famam
416 2853 555 2920 quoque
580 2830 720 2897 malefici
745 2831 877 2898 macula
902 2833 1091 2922 adspergit,
1127 2834 1168 2902 ab
1193 2833 1244 2903 al-

267 2949 341 3009 tera
374 2948 470 3028 parte
502 2939 586 3006 haee
621 2960 732 3028 poena
766 2939 909 3008 multum
940 2942 1011 3010 aliis
1038 2944 1243 3032 praestabit,

268 3049 430 3142 quoniam
462 3049 650 3118 maleficum
682 3047 793 3117 minus
820 3049 877 3120 diu
904 3076 925 3122 a
949 3053 1065 3122 labore
1091 3053 1242 3146 quotidi-

269 3183 335 3232 ano
380 3160 525 3244 detinet,
578 3169 612 3231 et
654 3161 812 3232 familiam
848 3163 919 3232 eius
952 3165 1063 3235 minus
1100 3167 1243 3259 exponit

268 3275 423 3348 miseriae
448 3284 481 3344 et
507 3275 666 3366 egestati,
703 3283 742 3344 ut
766 3297 799 3344 v.
817 3299 845 3344 c.
872 3277 1016 3348 seclusio
1044 3279 1211 3350 diuturna.

317 3390 501 3482 Maleficum
533 3390 707 3458 innocuum
731 3391 884 3470 reddere,
927 3390 1010 3461 haec
1035 3415 1148 3485 poena
1172 3417 1243 3464 non

268 3499 376 3591 magis
422 3509 553 3592 potest,
609 3524 711 3592 quam
758 3501 841 3571 aliae
878 3525 1010 3594 poenae
1049 3506 1275 3598 corporales.

269 3622 404 3704 praeter
428 3635 575 3703 poenam
599 3613 718 3682 mortis
746 3622 804 3682 aut
829 3615 1071 3699 seclusionem,
1098 3629 1132 3686 ct
1150 3617 1244 3710 quod

270 3724 313 3795 ad
331 3726 603 3796 ameliorationem
619 3729 774 3796 moralem
783 3725 919 3810 attinet,
944 3753 1013 3799 non
1028 3731 1130 3800 credo
1146 3729 1246 3800 fusti·

271 3836 444 3929 gationem
460 3838 495 3907 id
512 3861 663 3931 unquam
682 3838 806 3907 directe
824 3839 965 3909 efficere.
1017 3843 1084 3911 Sed
1100 3842 1245 3912 vidimus

272 3972 376 4042 supra
421 3950 707 4022 ameliorationem
745 3951 881 4020 minime
914 3953 1114 4045 requisitum
1148 3954 1245 4046 prin-

273 4063 378 4154 cipale
403 4084 533 4154 poenae
560 4075 657 4155 aptae
683 4085 775 4147 esse,
812 4063 840 4133 si
865 4063 953 4134 hunc
980 4067 1134 4136 effectum
1156 4089 1246 4158 poe-
