2922 5024
667 498 733 564 119

219 693 273 752 tos
311 681 460 751 adhiberi
494 681 624 772 possit,
658 704 736 751 nam
769 681 926 750 universe
950 681 1050 752 hodie
1077 705 1184 774 expe-

217 796 336 866 rientia
374 794 507 876 docuit,
552 794 677 866 nullam
713 793 919 864 influentiam
956 796 1094 866 noxiam
1126 806 1185 866 aut

216 909 250 978 in
284 931 408 1000 corpus
435 915 494 978 aut
518 907 553 976 in
578 917 724 977 mentem
750 907 960 1000 captivorum
985 909 1184 999 producere.

266 1022 404 1090 Praeter
428 1020 553 1089 multos
580 1020 662 1089 alios
690 1021 870 1112 scriptores
899 1019 957 1112 qui
982 1019 1023 1088 de
1045 1043 1086 1090 eo
1105 1043 1185 1112 ege-

219 1142 298 1202 runt
323 1129 388 1227 (1),
427 1132 576 1224 quinque
611 1133 673 1202 viri
704 1132 876 1202 constituti
901 1140 980 1201 sunt
1004 1131 1062 1225 qui
1086 1132 1121 1202 in
1145 1133 1187 1202 il-

218 1245 278 1316 lud
310 1243 539 1336 inquirerent,
580 1269 702 1336 nempe
735 1245 798 1314 viri
833 1245 921 1314 doct.
955 1247 1075 1328 Manu,
1120 1247 1187 1316 Pn-

218 1379 342 1438 nrsnr,
367 1357 569 1438 variana,
594 1359 699 1426 Lours
726 1366 760 1426 et
783 1359 960 1437 Esoumon
982 1360 1028 1450 Os.
1046 1360 1187 1428 Belloio

218 1473 259 1540 de
293 1471 407 1539 laced.
442 1483 516 1538 tom.
548 1472 607 1540 Ill
628 1470 654 1540 5
678 1472 754 1540 Jun.
780 1462 892 1550 4859,
930 1471 989 1564 qui
1013 1471 1188 1564 sequentia

217 1581 521 1672 pronuntiaverunt
534 1606 542 1649 :

268 1745 291 1786 „
316 1695 366 1764 La
399 1693 567 1764 reclusion
601 1695 749 1765 solitaire
783 1696 825 1766 de
854 1696 936 1789 jour
970 1704 1004 1764 et
1028 1695 1069 1766 de
1094 1697 1186 1777 naut,

220 1857 243 1896 „
268 1806 351 1876 mais
395 1829 477 1876 avec
517 1808 636 1876 travail
677 1818 711 1876 et
754 1808 990 1878 conversation
1023 1833 1106 1880 avec
1137 1810 1186 1878 les

220 1971 242 2012 „
269 1919 359 1989 ohefs
394 1928 427 1987 et
458 1919 686 2010 inspecteurs,
720 1920 875 2012 n'abrege
905 1942 966 2012 pas
991 1919 1024 1990 la
1049 1920 1102 1990 vie
1129 1921 1187 1990 des

220 2081 243 2122 ‚,
268 2031 495 2124 prisonniers,
522 2041 555 2100 et
579 2055 622 2102 ue
648 2042 860 2124 compromet
875 2055 936 2124 pas
952 2032 1027 2102 leur
1043 2033 1187 2104 raison.'’

266 2146 383 2235 Nuper
414 2144 553 2224 concie,
592 2145 647 2213 cui
680 2168 804 2214 nomen
841 2148 996 2216 Clamore
1030 2149 1084 2217 des
1116 2150 1186 2218 Dc'·

211 2261 326 2350 putes,
381 2264 459 2346 post
492 2255 693 2346 polemicam
725 2257 953 2338 utilissimam,
997 2271 1087 2329 recte
1121 2261 1187 2332 hoo

218 2378 365 2462 systema
397 2367 553 2437 universe
586 2367 620 2436 iu
647 2367 752 2437 Gallia
777 2368 959 2459 adoptavit.
1010 2372 1087 2439 Non
1114 2395 1187 2441 arn-

216 2483 304 2574 plius
337 2481 378 2549 de
411 2479 462 2548 his
498 2479 715 2561 disserimus,
761 2504 865 2574 quum
900 2504 1017 2552 omnes
1054 2483 1111 2576 qui
1147 2483 1187 2553 de

216 2595 280 2665 hac
304 2616 342 2661 re
363 2591 515 2684 judicare
541 2603 708 2682 possunt,
743 2615 884 2683 prorsus
911 2595 1124 2666 conveniunt.

269 2706 337 2788 Qui
367 2705 465 2796 plura
491 2703 532 2772 de
556 2704 607 2772 his
633 2705 746 2796 legere
772 2705 882 2795 cupit,
917 2709 1111 2777 referendus
1138 2720 1189 2778 est

222 2820 265 2891 ad
290 2822 397 2890 Rcoue
423 2817 653 2897 Pe'nitentot‘re,
688 2833 761 2886 tom.
787 2818 842 2898 ΙΙ,
875 2841 950 2888 sous
975 2821 1009 2890 lu
1034 2821 1188 2913 directione

220 2938 259 3005 de
291 2937 338 3006 Μ’
361 2935 510 3002 Monmu
536 2929 776 3009 Guarsrornn,
816 2930 873 3000 ubi
898 2932 1046 3002 rationes
1072 2933 1187 3002 diver-

218 3071 275 3118 sae
308 3047 343 3116 in
376 3055 555 3135 utramque
591 3052 722 3133 partem
756 3041 897 3124 allatae,
930 3045 965 3114 in
993 3046 1186 3138 disceptati-

217 3160 338 3230 onibus
364 3156 508 3250 politicis
535 3155 710 3248 adjunotae
736 3158 960 3246 argumentis,
991 3159 1186 3229 luculentis-

215 3358 468 3374 w

257 3463 304 3539 (l)
333 3462 376 3520 Gt.
404 3462 529 3520 Monam
559 3463 738 3520 Gumsrornr
765 3470 800 3520 de
825 3471 855 3520 la
884 3467 1034 3520 mortalita
1052 3478 1081 3522 et
1099 3473 1134 3522 de
1154 3474 1186 3523 la

211 3557 287 3628 solie
316 3561 392 3610 dans
421 3559 447 3609 Ie
465 3556 571 3623 regime
595 3555 812 3625 penitentiaire.
851 3553 997 3611 Me'moire
1012 3563 1186 3628 presente-'ta

219 3645 324 3702 Facad.
351 3650 385 3699 de
402 3641 496 3700 Paris
516 3640 598 3700 1839.
648 3642 695 3700 Be
714 3643 873 3720 l'influence
891 3652 927 3701 de
946 3645 1185 3718 l'ernprisonncm.

217 3741 365 3794 cellulaire
395 3755 446 3790 sur
480 3740 511 3788 la
539 3729 639 3789 r'ar'son
673 3741 723 3790 des
747 3741 890 3802 detersum
928 3736 1074 3794 Me'moire
1104 3746 1135 3796 lu
1164 3749 1184 3796 ὰ

214 3827 319 3884 Γαεαά.
351 3831 401 3880 des
432 3827 555 3881 sciences
572 3831 698 3880 morales
717 3837 746 3880 et
761 3829 936 3898 ροΙίιῐᾳιιεε,
958 3849 1016 3898 par
1035 3829 1066 3886 F.
1087 3829 1184 3887 Lem

212 3913 462 3974 22Mars1844.
500 3915 685 3972 Rauranum
716 3937 766 3971 sur
794 3922 826 3971 la
845 3921 997 3974 mortalit&
1015 3932 1044 3976 et
1064 3926 1095 3976 la
1107 3925 1182 3995 solie
1243 3981 1251 3994 ,

213 4013 288 4064 dans
317 4013 343 4063 le
367 4011 473 4078 regime
497 4009 716 4079 pe'nr'tentim're.
753 4003 847 4062 Paris
877 4005 959 4064 1840.

252 4098 378 4156 Annuus
395 4110 508 4172 reparts
538 4100 573 4170 os
595 4102 643 4152 the
672 4100 829 4170 inspectore
854 4100 889 4169 os
903 4103 951 4155 tlte
971 4112 1085 4156 eastern
1104 4112 1180 4155 state

214 4193 409 4263 penitentiary
429 4192 464 4260 os
476 4187 684 4262 Pensyloanr'a.
718 4185 829 4244 l-lll
843 4208 925 4262 year.
