2922 5024
750 443 819 512 130

566 712 899 812 'crassis
970 713 994 778 ι.

534 945 788 994 incuncruarro
818 910 1070 992 carisomus(

692 1173 893 1202 -ηοο-

353 1416 476 1486 Carcer
510 1411 563 1482 hic
598 1413 632 1482 in
667 1423 734 1482 tres
769 1424 892 1506 partes¹
913 1413 1098 1495 dividatur,
1133 1435 1277 1506 quarum
1343 1471 1349 1488 .

304 1529 390 1598 duae
416 1526 600 1595 secundum
626 1535 773 1617 systema
798 1527 953 1596 cellulare
979 1527 1236 1597 construendae.

350 1641 391 1708 A.
441 1639 583 1707 Detentis
616 1641 762 1708 nondum
799 1640 1028 1708 condemnatis.
1088 1639 1194 1730 (Voor
1219 1665 1277 1731 pc·

306 1749 549 1840 arresteerdcn.)

355 1865 431 1934 Hoc
465 1885 546 1932 casu
580 1885 714 1956 semper
752 1863 907 1934 omndtus
943 1872 1090 1954 systema
1124 1864 1280 1934 cellulare

306 1977 539 2068 Virginianum
557 1975 801 2056 adhibendum,
827 1975 987 2068 quoniam
1006 1976 1199 2070 conjunctio
1218 1977 1279 2045 de-

308 2101 479 2160 tentorum
513 2088 647 2178 saepius
681 2088 936 2158 incommodum
973 2089 1140 2181 producet
1174 2099 1207 2158 et
1233 2088 1283 2158 eis

310 2201 490 2271 molestum
526 2197 608 2280 erit,
643 2197 723 2293 (non
759 2200 847 2270 enim
882 2223 1016 2294 semper
1040 2202 1086 2272 ibi
1111 2203 1282 2272 maleficos

309 2303 502 2408 habemu‘s);
546 2313 588 2382 ab
631 2314 736 2384 altera
772 2323 868 2405 parte
907 2335 1044 2406 quoque
1069 2315 1283 2385 instructioni

310 2427 471 2498 criminali
504 2447 629 2494 nocere
661 2435 793 2515 potest,
836 2447 912 2494 cum
946 2426 1092 2495 accusati
1124 2428 1213 2496 inter
1246 2451 1285 2495 se

315 2537 565 2609 communicare
591 2543 745 2627 possunt.

358 2653 396 2721 B.
447 2650 493 2718 Iis
531 2649 647 2744 quiin
682 2649 789 2720 causis
823 2651 1106 2722 correctionotidus
1132 2667 1188 2722 out
1214 2653 1284 2722 cri-

310 2767 485 2839 minalibus
511 2765 715 2836 condemnati
735 2780 821 2834 sucu.

361 2874 583 2948 Condemnati
608 2874 650 2942 ad
675 2875 974 2944 incarcerationem
1001 2876 1205 2947 criminalem
1228 2887 1286 2948 aut

313 2985 607 3063 eorrectionalem
647 2981 687 3077 (si
726 2983 874 3055 detentio
910 2987 1159 3057 correctionatis
1186 2990 1287 3058 dimi-

317 3101 409 3170 dium
457 3096 548 3189 anni¹
574 3094 740 3192 superat),
790 3095 857 3166 hoc
894 3097 971 3168 loco
1010 3089 1132 3169 debent
1174 3101 1289 3172 subire

315 3213 456 3288 durante
494 3232 610 3279 mense
647 3234 737 3294 uno,
772 3211 995 3282 reclusionem
1021 3235 1172 3285 seueram
1198 3239 1287 3308 peu-

315 3324 519 3420 sylvanicam
562 3334 836 3415 praeparantem,
885 3336 1064 3419 antequam
1106 3327 1140 3396 in
1173 3330 1287 3399 locum
1385 3355 1388 3360 ¹

316 3440 423 3509 serius
463 3436 704 3528 designandum
747 3439 1002 3509 transferuntur.
1066 3439 1289 3512 Condemnati

317 3553 360 3624 ad
394 3549 692 3620 incarcerationem
734 3551 1009 3621 correctionalem
1048 3553 1134 3626 infra
1167 3562 1189 3646 ὲ
1226 3579 1290 3626 au-

316 3667 382 3746 mi,
420 3664 466 3731 ihi
500 3685 635 3731 manere
671 3663 814 3745 dehent,
849 3673 882 3732 et
907 3674 986 3756 post
1010 3689 1160 3737 mensem
1184 3691 1291 3738 uuum

318 3775 515 3848 seclusionis
541 3775 816 3869 pensylvanicae,
843 3777 1028 3846 seeundum
1054 3789 1200 3872 systema
1217 3781 1289 3849 uir·
1343 3856 1345 3860 ,

317 3891 488 3986 ginianum
515 3889 651 3960 tractari
675 3898 829 3980 possunt.

367 4006 405 4075 C.
458 4005 501 4072 u's
538 4005 596 4096 qui
629 4002 914 4072 incarcerationem
944 4005 1083 4093 pudicior
1109 4004 1292 4097 (politiepc-

306 4100 486 4210 *enimenim
513 4119 658 4187 sudarent.
748 4166 751 4172 -
