2922 5024
760 511 826 580 136

305 695 422 766 sertim
448 693 601 763 homines
628 691 822 762 incultiores
849 691 1091 786 rudioresque,
1119 694 1279 788 quoniam

307 805 428 900 procul
461 827 574 898 poena
604 804 730 886 luitur,
765 802 812 899 (1)
851 805 945 898 quod
978 805 1042 875 nisi
1072 805 1170 876 tallor
1194 807 1282 878 reoi-

310 920 388 990 diva
411 919 447 988 in
472 917 592 1010 Anglia
617 917 801 987 luculenter
826 917 972 1009 probare
997 927 1160 1009 possunt,
1196 941 1284 1010 quae

309 1055 372 1125 per
420 1032 469 1102 20
514 1030 578 1100 bos
618 1052 725 1100 annos
759 1029 926 1123 triplicata
960 1052 1035 1100 esse
1071 1030 1284 1112 invenimus,

307 1144 378 1216 scil.
408 1141 733 1238 1806-1826pp

286 1315 289 1322 Α
358 1257 392 1328 3.
444 1255 625 1349 copulatio
650 1278 773 1348 magna
795 1251 1025 1327 maleficorum
1049 1255 1177 1336 oritur,
1213 1275 1284 1346 qua

309 1379 343 1440 et
379 1369 445 1462 ipsi
483 1378 517 1438 et
553 1367 697 1439 societas
736 1378 770 1437 et
805 1368 915 1460 patria
948 1366 1178 1460 periclitatur,
1215 1365 1282 1436 nisi

309 1482 464 1553 custodia
489 1480 701 1550 severissima
728 1490 762 1549 et
787 1479 996 1550 strictissima
1020 1479 1231 1550 observatur.

357 1596 393 1664 l.
444 1592 695 1665 consuetudine
732 1591 892 1662 continua
923 1591 1078 1662 restricta
1109 1591 1281 1662 malefico-

308 1728 403 1789 rum,
437 1703 590 1800 proseoto
624 1703 833 1774 amelioratio
865 1702 1004 1772 ,moralis
1035 1703 1172 1774 minime
1196 1727 1281 1798 pro-

307 1818 509 1891 movebitur.

358 1935 392 2003 b·
443 1932 580 2003 Sumtus
612 1929 779 2024 majores,
810 1929 847 2000 in
879 1929 1091 2022 reoeptaeula
1122 1951 1282 2002 neeessa-

307 2046 380 2126 rin,
424 2054 595 2124 armatus,
639 2041 941 2134 transportationes
986 2063 1158 2137 navesque
1199 2043 1282 2114 lani·

309 2157 385 2228 ann
411 2156 468 2251 (a).

300 2395 570 2414 *—

316 2649 319 2656 .
347 2566 394 2647 (l)
424 2571 505 2628 Hanc
533 2574 571 2628 ob
590 2576 728 2628 rationem
748 2575 906 2648 deportatio
925 2577 1146 2652 impugnabatur
1163 2582 1193 2634 in
1213 2578 1280 2638 Gal-

311 2666 364 2732 lia,
381 2665 412 2719 in
430 2663 564 2718 concione
587 2659 701 2719 Comite'
720 2685 795 2720 anno
817 2663 909 2734 1791,
930 2677 1026 2724 tamen
1045 2680 1153 2725 servata
1173 2681 1232 2740 est,
1251 2684 1280 2727 et

310 2757 340 2811 in
359 2755 480 2810 recidiva
499 2753 634 2810 adbibita.
672 2774 686 2807 n
707 2751 870 2830 Quiconque
890 2777 960 2812 aura
979 2764 1023 2814 dtr'
1037 2761 1127 2833 repris
1138 2762 1172 2816 de
1182 2764 1280 2834 justice

309 2867 324 2898 o
335 2847 569 2902 criminellement
587 2855 616 2900 et
635 2847 792 2900 condamne'
810 2865 884 2918 pour
903 2849 930 2902 la
948 2851 1067 2904 seconde
1086 2851 1154 2919 loia,
1182 2853 1279 2908 mabira

309 2957 325 2988 u
337 2937 364 2990 la
382 2936 463 3007 peine
482 2939 580 3005 porte'e
597 2951 651 3004 par
669 2935 697 2988 la
715 2935 752 2988 loi
772 2945 871 2988 contre
890 2954 941 2990 son
960 2939 1048 3006 de'lit,
1066 2943 1137 2994 mala
1156 2940 1282 3014 lorsqu'il

309 3041 406 3078 »aura
436 3022 505 3074 ainsi
536 3021 653 3076 satissait
684 3019 885 3098 dl'exemple‚
913 3027 933 3080 il
952 3045 1012 3082 sera
1031 3030 1149 3084 conduit
1167 3049 1204 3084 an
1226 3032 1283 3086 lieu

310 3112 387 3168 rrfixd
414 3128 489 3184 pour
520 3109 546 3165 la
575 3112 764 3186 deportation.
784 3145 822 3154 —
850 3111 906 3170 Par
925 3115 967 3186 la,
1004 3135 1073 3172 vous
1092 3121 1238 3192 remplirez
1258 3123 1284 3176 le

309 3201 438 3258 »double
458 3201 555 3273 abiet,
581 3212 609 3257 et
629 3203 663 3258 de
681 3205 768 3276 punir
794 3205 819 3260 le
838 3207 976 3277 recidive,
1013 3217 1041 3263 et
1060 3210 1095 3264 de
1115 3211 1234 3266 delirrer
1253 3211 1280 3266 la

306 3313 322 3346 a
341 3294 443 3349 sociate
460 3289 530 3348 d'un
547 3291 710 3349 malsaiteur
727 3295 936 3372 incorrigiblo.''
1203 3303 1207 3311 ’

349 3381 393 3440 Gi.
412 3380 567 3440 Montteur
585 3379 604 3437 4
622 3380 701 3438 Juin
722 3381 804 3441 1791.

348 3473 396 3550 (2)
425 3473 470 3530 ab
490 3491 566 3528 anno
588 3468 661 3528 1825
679 3493 767 3548 usque
786 3477 822 3532 ad
841 3496 949 3532 annum
972 3471 1063 3549 1836,
1084 3481 1279 3540 criminacon-

307 3577 354 3622 tra
389 3567 591 3639 possessiones,
630 3582 701 3636 quae
730 3565 924 3638 deportatione
944 3569 1155 3643 puniebantur,
1193 3585 1276 3632 aucta

309 3650 398 3729 4510)
415 3655 473 3709 scil.
493 3673 509 3708 a
532 3648 625 3708 llfflO
643 3654 680 3708 ad
698 3649 802 3710 21000.

315 3775 318 3780 ·
348 3741 392 3800 (ll.
423 3740 565 3798 Chambre
582 3747 632 3797 des
650 3740 791 3814 deute's.
829 3741 1019 3800 Discussious
1046 3769 1098 3804 sur
1116 3755 1148 3805 la
1170 3755 1212 3808 lei
1230 3758 1281 3808 des

307 3837 433 3908 prisone.
470 3833 559 3890 Aoril
577 3829 660 3890 lsstb
698 3830 854 3888 Praesident
872 3833 916 3890 Mt
935 3833 1055 3894 Sanzar.

347 3921 397 4002 (3)
425 3922 585 3982 Brittannia
612 3927 815 3998 transportavit
834 3944 922 4000 usque
941 3929 978 3984 ad
996 3926 1081 3984 linem
1099 3932 1166 3984 anni
1188 3927 1281 4003 1836,

310 4019 384 4074 circa
411 4011 516 4071 96.558
543 4013 684 4070 maleficos
710 4017 740 4069 in
768 4011 865 4070 Soura
893 4011 1001 4072 Wrnes
1022 4027 1050 4071 et
1069 4032 1123 4072 van
1143 4016 1286 4077 Braneus-

308 4123 401 4175 Μῦς
430 4106 530 4180 singuli
558 4105 699 4180 deportati
728 4114 860 4160 constant
886 4105 945 4159 lere
972 4102 1011 4161 82
1040 4107 1086 4161 liv.
1117 4109 1194 4164 sterl.
1243 4109 1278 4169 In

308 4200 443 4256 concione
461 4198 506 4252 oui
525 4215 630 4254 nornen
650 4192 751 4252 Ilouse
770 4195 806 4266 ο]
816 4215 979 4266 commotas,
998 4193 1044 4253 Sir
1063 4195 1201 4256 Wrsnrru
1216 4197 1278 4259 Μο.

1441 3123 1450 3157 t
