2922 5024
649 501 715 569 113

194 679 301 752 morie
355 701 420 750 van
471 679 665 773 toelicbting
716 705 786 752 enz.
842 703 944 775 supra
997 685 1133 755 laudata
1146 681 1168 778 ‚)

193 793 222 862 si
287 791 509 862 seclusionem
568 795 724 864 universe
779 795 898 886 poenis
953 796 1071 865 mortis
1133 805 1166 864 et

192 905 312 996 poenis
351 904 583 996 corporalibus
622 906 825 976 substituere
859 907 1039 988 volumus,
1073 917 1165 977 recte

194 1026 307 1087 autem
360 1017 532 1108 mitigatur
583 1020 611 1088 si
655 1017 890 1089 tantummodo
933 1029 1013 1110 post
1059 1020 1165 1110 spati-

193 1153 253 1199 um
290 1130 338 1198 20
376 1151 560 1210 annorum,
597 1130 772 1201 diminutio
807 1139 865 1200 aut
890 1131 1001 1222 gratia
1026 1131 1166 1200 concedi

193 1251 316 1333 potest.

241 1353 442 1444 Compilatio
485 1354 573 1422 foret
605 1352 802 1445 longissima
844 1361 877 1420 et
919 1353 1166 1427 taediosissime

191 1465 372 1556 descriptio
420 1464 631 1534 diversorum
677 1471 897 1557 systematum
940 1466 1166 1537 seclusionum

190 1576 401 1672 poenalium;
426 1575 509 1646 haec
535 1578 623 1646 enim
641 1578 755 1646 omnia
772 1600 793 1646 a
810 1577 1038 1670 compluribus
1058 1576 1167 1667 scrip·

192 1691 321 1760 toribus
357 1689 564 1762 doctioribus
589 1689 922 1782 indoctioribusque‚
957 1689 1167 1782 pbilosophis

193 1801 408 1883 theoreticiS‚
451 1801 625 1892 practicis,
667 1801 941 1894 philantropicis‚
985 1812 1048 1871 cet.
1093 1810 1171 1894 apte

194 1924 227 1984 et
259 1915 392 2006 inepte,
428 1913 595 2004 descripta
629 1923 662 1983 et
693 1915 858 1984 illustrata
884 1923 972 1982 sunt.
1033 1911 1172 1982 Omitti-

191 2049 267 2096 mus
292 2049 376 2117 ergo
402 2027 504 2096 talem
529 2024 803 2115 compilationem
830 2034 863 2094 et
889 2025 989 2094 etiam
1016 2025 1170 2116 descrip-

192 2139 320 2208 tionem
353 2140 553 2228 systematis?
586 2146 704 2210 nostra
737 2139 772 2208 in
802 2139 911 2230 patria
936 2138 1098 2230 vigentis,
1125 2133 1172 2232 (1)

192 2248 298 2344 (quod
349 2250 438 2319 malo
486 2249 669 2340 praeterire
717 2261 899 2343 postquam
941 2251 1170 2320 institutiones

195 2362 355 2454 poenales
390 2361 588 2454 praecipuas
622 2360 789 2455 visitavi);
831 2363 986 2452 praefero
1025 2361 1173 2431 breviter

197 2485 344 2568 systema
376 2474 546 2555 indicare,
581 2473 675 2566 quod
707 2474 852 2542 fortasse
886 2472 950 2542 nisi
984 2474 1083 2566 plane
1110 2497 1172 2566 ap-

196 2597 287 2669 tum,
321 2587 439 2656 melius
473 2595 563 2654 certe
598 2607 704 2676 scopo
738 2585 959 2676 responderet
982 2577 1091 2680 ‘quam
1116 2587 1173 2656 in-

181 2700 315 2768 stituta
340 2697 528 2766 existentia.

244 2811 290 2880 Ut
322 2818 434 2879 autem
466 2807 719 2892 fundamentum
752 2805 894 2876 habeam
927 2807 962 2876 in
997 2831 1065 2901 quo
1091 2810 1172 2880 reli-

196 2948 262 3018 qna
295 2922 503 2996 rationaliter
537 2929 711 2990 exstruere
744 2920 891 3011 possim‚
926 2921 1087 2994 nonnulla
1111 2944 1172 3014 ge-

198 3142 448 3154 ..Μ

241 3275 290 3352 (l)
321 3274 391 3334 Viro
427 3277 551 3347 quodam
575 3273 796 3348 praeclarissimo
821 3283 937 3347 rogante
973 3273 1066 3328 virum
1100 3275 1176 3330 doct.

202 3363 329 3422 Moneta
369 3363 566 3434 Cnnrsrorun,
606 3365 653 3436 qui
687 3365 817 3418 instituta
857 3364 1010 3435 praecipua
1048 3364 1177 3435 poenalia

204 3466 300 3510 nostra
319 3457 349 3509 in
367 3451 462 3508 Patria
480 3465 725 3528 perscrutaverat,
755 3471 894 3525 quaenam
914 3453 973 3524 ejus
992 3455 1086 3526 opinio
1106 3465 1177 3508 esset

204 3547 238 3602 de
266 3546 328 3615 his,
353 3548 471 3620 gratiose
501 3547 690 3618 respondebat
718 3545 804 3598 modo
833 3529 962 3598 evasivo.¹
990 3540 1090 3598 Facete
1121 3543 1175 3600 bac

201 3638 389 3711 gratulatione
408 3635 593 3703 ostendebat,
619 3653 717 3689 omnes
736 3651 861 3689 carceres
880 3643 993 3687 nostros
1017 3643 1077 3689 tam
1096 3636 1178 3691 vitio·

203 3746 247 3782 sos
266 3746 342 3795 esse,
359 3726 490 3781 utnulla
510 3725 715 3780 modificatione
734 3723 894 3779 ameliorari
913 3734 1045 3796 possent,
1070 3727 1118 3780 sed
1139 3726 1176 3782 ab

204 3818 284 3872 initio
309 3819 414 3872 iterum
439 3817 649 3872 construendos.
678 3845 716 3856 —-
746 3812 828 3869 Certe
858 3815 956 3868 melius
987 3825 1028 3870 est
1057 3827 1177 3889 systema

201 3927 261 3963 non
280 3917 477 3962 constructum
505 3925 537 3961 ex
567 3906 728 3981 fragmentis
758 3914 787 3959 et
806 3903 930 3975 reliquiis
948 3906 1063 3960 alterius
1083 3917 1177 3962 vetus·

203 4001 301 4067 tioris,
327 3999 403 4070 quod
430 3998 654 4062 condemnatum
685 4006 713 4050 et
739 4003 814 4049 certe
834 3997 942 4068 patriae
963 4015 1040 4050 meae
1060 3983 1177 4070 congra-

203 4090 330 4158 tularer,
359 4091 411 4143 nisi
429 4089 598 4162 experientia
617 4087 821 4144 medoeuisset
839 4086 869 4141 in
887 4085 947 4142 aliis
963 4087 1067 4153 rebus,
1092 4086 1178 4140 talem

203 4179 436 4236 modificationem
455 4179 609 4253 longissime
627 4186 766 4232 remotam
786 4193 850 4230 esee.

1057 4279 1079 4345 8
