<?xml version="1.0" encoding="UTF-8"?>
<!DOCTYPE html PUBLIC "-//W3C//DTD XHTML 1.0 Transitional//EN"
    "http://www.w3.org/TR/xhtml1/DTD/xhtml1-transitional.dtd">
<html xmlns="http://www.w3.org/1999/xhtml" xml:lang="en" lang="en">
 <head>
  <title>
</title>
<meta http-equiv="Content-Type" content="text/html;charset=utf-8" />
  <meta name='ocr-system' content='tesseract 3.04.00' />
  <meta name='ocr-capabilities' content='ocr_page ocr_carea ocr_par ocr_line ocrx_word'/>
</head>
<body>
  <div class='ocr_page' id='page_1' title='image "./depoenis00noltgoog_0059.png"; bbox 0 0 2926 5034; ppageno 0'>
   <div class='ocr_carea' id='block_1_1' title="bbox 622 468 669 536">
    <p class='ocr_par' dir='ltr' id='par_1_1' title="bbox 622 468 669 536">
     <span class='ocr_line' id='line_1_1' title="bbox 622 468 669 536; baseline 0 0"><span class='ocrx_word' id='word_1_1' title='bbox 622 468 669 536; x_wconf 75' lang='lat' dir='ltr'><strong>to</strong></span> 
     </span>
    </p>
   </div>
   <div class='ocr_carea' id='block_1_2' title="bbox 162 647 1139 1638">
    <p class='ocr_par' dir='ltr' id='par_1_2' title="bbox 162 647 1139 1638">
     <span class='ocr_line' id='line_1_2' title="bbox 165 647 1138 726; baseline 0.007 -11"><span class='ocrx_word' id='word_1_2' title='bbox 165 647 280 718; x_wconf 84' lang='lat' dir='ltr'><strong>sertim</strong></span> <span class='ocrx_word' id='word_1_3' title='bbox 313 669 395 718; x_wconf 87' lang='lat' dir='ltr'><strong>num</strong></span> <span class='ocrx_word' id='word_1_4' title='bbox 427 648 599 720; x_wconf 88' lang='lat' dir='ltr'><strong>deterritio</strong></span> <span class='ocrx_word' id='word_1_5' title='bbox 634 649 775 722; x_wconf 87' lang='lat' dir='ltr'><strong>eandem</strong></span> <span class='ocrx_word' id='word_1_6' title='bbox 807 649 876 720; x_wconf 89' lang='lat' dir='ltr'><strong>vim</strong></span> <span class='ocrx_word' id='word_1_7' title='bbox 910 650 1065 726; x_wconf 84' lang='lat' dir='ltr'><strong>habitura</strong></span> <span class='ocrx_word' id='word_1_8' title='bbox 1094 652 1138 724; x_wconf 83' lang='lat' dir='ltr'><strong>eit</strong></span> 
     </span>
     <span class='ocr_line' id='line_1_3' title="bbox 163 761 1135 850; baseline 0.006 -22"><span class='ocrx_word' id='word_1_9' title='bbox 163 781 202 828; x_wconf 85' lang='lat' dir='ltr'><strong>ac</strong></span> <span class='ocrx_word' id='word_1_10' title='bbox 234 782 345 850; x_wconf 88' lang='lat' dir='ltr'><strong>poena</strong></span> <span class='ocrx_word' id='word_1_11' title='bbox 378 762 508 832; x_wconf 87' lang='lat' dir='ltr'><strong>mortis.</strong></span> <span class='ocrx_word' id='word_1_12' title='bbox 559 762 595 832; x_wconf 88' lang='lat' dir='ltr'><strong>Si</strong></span> <span class='ocrx_word' id='word_1_13' title='bbox 620 763 663 833; x_wconf 91' lang='lat' dir='ltr'><strong>ad</strong></span> <span class='ocrx_word' id='word_1_14' title='bbox 688 771 845 834; x_wconf 86' lang='lat' dir='ltr'><strong>naturam</strong></span> <span class='ocrx_word' id='word_1_15' title='bbox 868 761 1013 835; x_wconf 92' lang='lat' dir='ltr'><strong>hominis</strong></span> <span class='ocrx_word' id='word_1_16' title='bbox 1039 763 1135 836; x_wconf 90' lang='lat' dir='ltr'><strong>rudi-</strong></span> 
     </span>
     <span class='ocr_line' id='line_1_4' title="bbox 164 871 1138 968; baseline 0.006 -30"><span class='ocrx_word' id='word_1_17' title='bbox 164 871 232 939; x_wconf 95' lang='lat' dir='ltr'><strong>oris</strong></span> <span class='ocrx_word' id='word_1_18' title='bbox 265 872 519 968; x_wconf 83' lang='lat' dir='ltr'><strong>incultiorisque</strong></span> <span class='ocrx_word' id='word_1_19' title='bbox 552 885 707 946; x_wconf 87' lang='lat' dir='ltr'><strong>accurate</strong></span> <span class='ocrx_word' id='word_1_20' title='bbox 741 874 964 958; x_wconf 88' lang='lat' dir='ltr'><strong>attendimus,</strong></span> <span class='ocrx_word' id='word_1_21' title='bbox 1001 876 1138 946; x_wconf 92' lang='lat' dir='ltr'><strong>minime</strong></span> 
     </span>
     <span class='ocr_line' id='line_1_5' title="bbox 162 981 1137 1079; baseline 0.007 -27"><span class='ocrx_word' id='word_1_22' title='bbox 162 981 242 1052; x_wconf 88' lang='lat' dir='ltr'><strong>lruic</strong></span> <span class='ocrx_word' id='word_1_23' title='bbox 285 985 408 1055; x_wconf 93' lang='lat' dir='ltr'><strong>rationi</strong></span> <span class='ocrx_word' id='word_1_24' title='bbox 446 987 600 1058; x_wconf 77' lang='lat' dir='ltr'><strong>assentiri</strong></span> <span class='ocrx_word' id='word_1_25' title='bbox 639 1009 833 1079; x_wconf 88' lang='lat' dir='ltr'><strong>possumus.</strong></span> <span class='ocrx_word' id='word_1_26' title='bbox 896 987 1025 1078; x_wconf 86' lang='lat' dir='ltr'><strong>Vulgus</strong></span> <span class='ocrx_word' id='word_1_27' title='bbox 1063 989 1137 1058; x_wconf 88' lang='lat' dir='ltr'><strong>leve</strong></span> 
     </span>
     <span class='ocr_line' id='line_1_6' title="bbox 166 1097 1139 1193; baseline 0.002 -29"><span class='ocrx_word' id='word_1_28' title='bbox 166 1105 200 1164; x_wconf 89' lang='lat' dir='ltr'><strong>et</strong></span> <span class='ocrx_word' id='word_1_29' title='bbox 231 1097 514 1168; x_wconf 88' lang='lat' dir='ltr'><strong>inconsideratum</strong></span> <span class='ocrx_word' id='word_1_30' title='bbox 547 1122 618 1169; x_wconf 92' lang='lat' dir='ltr'><strong>non</strong></span> <span class='ocrx_word' id='word_1_31' title='bbox 647 1100 806 1193; x_wconf 84' lang='lat' dir='ltr'><strong>perspicit</strong></span> <span class='ocrx_word' id='word_1_32' title='bbox 830 1098 1028 1191; x_wconf 87' lang='lat' dir='ltr'><strong>gravitatem</strong></span> <span class='ocrx_word' id='word_1_33' title='bbox 1052 1121 1139 1190; x_wconf 89' lang='lat' dir='ltr'><strong>poe-</strong></span> 
     </span>
     <span class='ocr_line' id='line_1_7' title="bbox 167 1210 1138 1304; baseline 0.001 -27"><span class='ocrx_word' id='word_1_34' title='bbox 167 1231 230 1278; x_wconf 89' lang='lat' dir='ltr'><strong>nae</strong></span> <span class='ocrx_word' id='word_1_35' title='bbox 256 1211 451 1280; x_wconf 89' lang='lat' dir='ltr'><strong>seclusionis</strong></span> <span class='ocrx_word' id='word_1_36' title='bbox 475 1210 668 1304; x_wconf 84' lang='lat' dir='ltr'><strong>hujusmodi</strong></span> <span class='ocrx_word' id='word_1_37' title='bbox 685 1212 887 1303; x_wconf 84' lang='lat' dir='ltr'><strong>applicatae,</strong></span> <span class='ocrx_word' id='word_1_38' title='bbox 915 1233 1002 1303; x_wconf 89' lang='lat' dir='ltr'><strong>quae</strong></span> <span class='ocrx_word' id='word_1_39' title='bbox 1020 1231 1138 1281; x_wconf 85' lang='lat' dir='ltr'><strong>sensus</strong></span> 
     </span>
     <span class='ocr_line' id='line_1_8' title="bbox 165 1321 1138 1414; baseline 0.003 -24"><span class='ocrx_word' id='word_1_40' title='bbox 165 1343 235 1391; x_wconf 93' lang='lat' dir='ltr'><strong>non</strong></span> <span class='ocrx_word' id='word_1_41' title='bbox 261 1322 386 1392; x_wconf 82' lang='lat' dir='ltr'><strong>directe</strong></span> <span class='ocrx_word' id='word_1_42' title='bbox 410 1323 534 1414; x_wconf 87' lang='lat' dir='ltr'><strong>tangit,</strong></span> <span class='ocrx_word' id='word_1_43' title='bbox 568 1345 648 1392; x_wconf 91' lang='lat' dir='ltr'><strong>nam</strong></span> <span class='ocrx_word' id='word_1_44' title='bbox 672 1321 761 1392; x_wconf 87' lang='lat' dir='ltr'><strong>mala</strong></span> <span class='ocrx_word' id='word_1_45' title='bbox 786 1331 819 1390; x_wconf 89' lang='lat' dir='ltr'><strong>et</strong></span> <span class='ocrx_word' id='word_1_46' title='bbox 843 1323 1033 1394; x_wconf 83' lang='lat' dir='ltr'><strong>molestiam</strong></span> <span class='ocrx_word' id='word_1_47' title='bbox 1049 1345 1138 1414; x_wconf 91' lang='lat' dir='ltr'><strong>poe-</strong></span> 
     </span>
     <span class='ocr_line' id='line_1_9' title="bbox 165 1432 1138 1527; baseline 0.002 -27"><span class='ocrx_word' id='word_1_48' title='bbox 165 1455 230 1502; x_wconf 88' lang='lat' dir='ltr'><strong>nae</strong></span> <span class='ocrx_word' id='word_1_49' title='bbox 247 1432 347 1525; x_wconf 90' lang='lat' dir='ltr'><strong>hujus</strong></span> <span class='ocrx_word' id='word_1_50' title='bbox 365 1433 471 1502; x_wconf 87' lang='lat' dir='ltr'><strong>oculis</strong></span> <span class='ocrx_word' id='word_1_51' title='bbox 490 1433 663 1525; x_wconf 88' lang='lat' dir='ltr'><strong>adspicere</strong></span> <span class='ocrx_word' id='word_1_52' title='bbox 680 1443 863 1527; x_wconf 85' lang='lat' dir='ltr'><strong>nequeunt.</strong></span> <span class='ocrx_word' id='word_1_53' title='bbox 904 1435 1008 1504; x_wconf 86' lang='lat' dir='ltr'><strong>Recte</strong></span> <span class='ocrx_word' id='word_1_54' title='bbox 1029 1437 1076 1506; x_wconf 73' lang='grc' dir='ltr'><strong>Μ’</strong></span> <span class='ocrx_word' id='word_1_55' title='bbox 1093 1456 1138 1504; x_wconf 88' lang='lat' dir='ltr'><strong>nn</strong></span> 
     </span>
     <span class='ocr_line' id='line_1_10' title="bbox 164 1545 1139 1638; baseline 0.001 -24"><span class='ocrx_word' id='word_1_56' title='bbox 164 1545 320 1614; x_wconf 85' lang='lat' dir='ltr'><strong>Monrnns</strong></span> <span class='ocrx_word' id='word_1_57' title='bbox 363 1545 543 1614; x_wconf 87' lang='lat' dir='ltr'><strong>observat:</strong></span> <span class='ocrx_word' id='word_1_58' title='bbox 607 1547 720 1636; x_wconf 86' lang='lat' dir='ltr'><strong>„Les</strong></span> <span class='ocrx_word' id='word_1_59' title='bbox 762 1555 906 1618; x_wconf 87' lang='lat' dir='ltr'><strong>travaux</strong></span> <span class='ocrx_word' id='word_1_60' title='bbox 947 1546 1139 1638; x_wconf 74' lang='lat' dir='ltr'><strong>perpetuels</strong></span> 
     </span>
    </p>
   </div>
   <div class='ocr_carea' id='block_1_3' title="bbox 16 1656 1215 1751">
    <p class='ocr_par' dir='ltr' id='par_1_3' title="bbox 16 1656 1215 1751">
     <span class='ocr_line' id='line_1_11' title="bbox 16 1656 1215 1751; baseline 0.005 -28"><span class='ocrx_word' id='word_1_61' title='bbox 16 1715 18 1746; x_wconf 56' lang='lat'><strong>,</strong></span> <span class='ocrx_word' id='word_1_62' title='bbox 81 1709 87 1716; x_wconf 85' lang='lat'><em>.</em></span> <span class='ocrx_word' id='word_1_63' title='bbox 165 1707 188 1748; x_wconf 88' lang='lat'>„</span> <span class='ocrx_word' id='word_1_64' title='bbox 215 1656 297 1726; x_wconf 88' lang='lat' dir='ltr'><strong>dans</strong></span> <span class='ocrx_word' id='word_1_65' title='bbox 322 1656 370 1726; x_wconf 90' lang='lat' dir='ltr'><strong>les</strong></span> <span class='ocrx_word' id='word_1_66' title='bbox 395 1657 542 1748; x_wconf 87' lang='lat' dir='ltr'><strong>hagnes,</strong></span> <span class='ocrx_word' id='word_1_67' title='bbox 567 1657 600 1730; x_wconf 90' lang='lat' dir='ltr'><strong>la</strong></span> <span class='ocrx_word' id='word_1_68' title='bbox 627 1658 798 1728; x_wconf 76' lang='lat' dir='ltr'><strong>detention</strong></span> <span class='ocrx_word' id='word_1_69' title='bbox 823 1659 1030 1751; x_wconf 76' lang='lat' dir='ltr'><strong>perpetuelle</strong></span> <span class='ocrx_word' id='word_1_70' title='bbox 1056 1660 1139 1730; x_wconf 91' lang='lat' dir='ltr'><strong>dans</strong></span> <span class='ocrx_word' id='word_1_71' title='bbox 1213 1703 1215 1708; x_wconf 82' lang='lat'><em>.</em></span> 
     </span>
    </p>
   </div>
   <div class='ocr_carea' id='block_1_4' title="bbox 164 1769 1145 3880">
    <p class='ocr_par' dir='ltr' id='par_1_4' title="bbox 164 1769 1141 2306">
     <span class='ocr_line' id='line_1_12' title="bbox 164 1769 1136 1863; baseline 0.001 -25"><span class='ocrx_word' id='word_1_72' title='bbox 164 1819 187 1860; x_wconf 90' lang='lat'>„</span> <span class='ocrx_word' id='word_1_73' title='bbox 211 1769 261 1838; x_wconf 87' lang='lat' dir='ltr'><strong>les</strong></span> <span class='ocrx_word' id='word_1_74' title='bbox 294 1769 443 1840; x_wconf 90' lang='lat' dir='ltr'><strong>maisons</strong></span> <span class='ocrx_word' id='word_1_75' title='bbox 478 1769 641 1838; x_wconf 87' lang='lat' dir='ltr'><strong>centrales</strong></span> <span class='ocrx_word' id='word_1_76' title='bbox 676 1772 797 1840; x_wconf 86' lang='lat' dir='ltr'><strong>offrent</strong></span> <span class='ocrx_word' id='word_1_77' title='bbox 828 1772 939 1862; x_wconf 82' lang='lat' dir='ltr'><strong>plutdt</strong></span> <span class='ocrx_word' id='word_1_78' title='bbox 964 1793 1031 1840; x_wconf 88' lang='lat' dir='ltr'><strong>une</strong></span> <span class='ocrx_word' id='word_1_79' title='bbox 1054 1793 1136 1863; x_wconf 89' lang='lat' dir='ltr'><strong>per-</strong></span> 
     </span>
     <span class='ocr_line' id='line_1_13' title="bbox 165 1879 1140 1973; baseline 0.002 -23"><span class='ocrx_word' id='word_1_80' title='bbox 165 1931 188 1972; x_wconf 88' lang='lat'>„</span> <span class='ocrx_word' id='word_1_81' title='bbox 214 1881 361 1971; x_wconf 86' lang='lat' dir='ltr'><strong>speou&#39;ve</strong></span> <span class='ocrx_word' id='word_1_82' title='bbox 387 1879 521 1952; x_wconf 89' lang='lat' dir='ltr'><strong>d&#39;ennui</strong></span> <span class='ocrx_word' id='word_1_83' title='bbox 546 1903 612 1972; x_wconf 90' lang='lat' dir='ltr'><strong>que</strong></span> <span class='ocrx_word' id='word_1_84' title='bbox 639 1881 680 1950; x_wconf 92' lang='lat' dir='ltr'><strong>de</strong></span> <span class='ocrx_word' id='word_1_85' title='bbox 698 1882 877 1973; x_wconf 89' lang='lat' dir='ltr'><strong>supplice.”</strong></span> <span class='ocrx_word' id='word_1_86' title='bbox 928 1881 1036 1972; x_wconf 87' lang='lat' dir='ltr'><strong>Magis</strong></span> <span class='ocrx_word' id='word_1_87' title='bbox 1053 1903 1140 1952; x_wconf 91' lang='lat' dir='ltr'><strong>con-</strong></span> 
     </span>
     <span class='ocr_line' id='line_1_14' title="bbox 164 1992 1141 2086; baseline 0.003 -26"><span class='ocrx_word' id='word_1_88' title='bbox 164 1992 312 2064; x_wconf 80' lang='lat' dir='ltr'><strong>siderant</strong></span> <span class='ocrx_word' id='word_1_89' title='bbox 335 1993 408 2064; x_wconf 87' lang='lat' dir='ltr'><strong>fieri</strong></span> <span class='ocrx_word' id='word_1_90' title='bbox 431 2015 534 2086; x_wconf 92' lang='lat' dir='ltr'><strong>posse</strong></span> <span class='ocrx_word' id='word_1_91' title='bbox 559 2001 598 2062; x_wconf 89' lang='lat' dir='ltr'><strong>ut</strong></span> <span class='ocrx_word' id='word_1_92' title='bbox 621 1993 809 2064; x_wconf 88' lang='lat' dir='ltr'><strong>libertatem</strong></span> <span class='ocrx_word' id='word_1_93' title='bbox 833 2001 1034 2084; x_wconf 89' lang='lat' dir='ltr'><strong>recuperent</strong></span> <span class='ocrx_word' id='word_1_94' title='bbox 1060 2015 1141 2064; x_wconf 85' lang='lat' dir='ltr'><strong>eva-</strong></span> 
     </span>
     <span class='ocr_line' id='line_1_15' title="bbox 165 2103 1141 2198; baseline 0.004 -24"><span class='ocrx_word' id='word_1_95' title='bbox 165 2103 280 2188; x_wconf 86' lang='lat' dir='ltr'><strong>sione,</strong></span> <span class='ocrx_word' id='word_1_96' title='bbox 314 2115 373 2176; x_wconf 89' lang='lat' dir='ltr'><strong>aut</strong></span> <span class='ocrx_word' id='word_1_97' title='bbox 404 2114 443 2174; x_wconf 89' lang='lat' dir='ltr'><strong>ut</strong></span> <span class='ocrx_word' id='word_1_98' title='bbox 475 2128 588 2197; x_wconf 93' lang='lat' dir='ltr'><strong>poena</strong></span> <span class='ocrx_word' id='word_1_99' title='bbox 620 2105 817 2178; x_wconf 87' lang='lat' dir='ltr'><strong>seclusionis</strong></span> <span class='ocrx_word' id='word_1_100' title='bbox 851 2104 960 2198; x_wconf 89' lang='lat' dir='ltr'><strong>gratia</strong></span> <span class='ocrx_word' id='word_1_101' title='bbox 993 2111 1051 2176; x_wconf 90' lang='lat' dir='ltr'><strong>aut</strong></span> <span class='ocrx_word' id='word_1_102' title='bbox 1076 2105 1141 2178; x_wconf 86' lang='lat' dir='ltr'><strong>elia</strong></span> 
     </span>
     <span class='ocr_line' id='line_1_16' title="bbox 164 2216 824 2306; baseline -0.008 -20"><span class='ocrx_word' id='word_1_103' title='bbox 164 2217 296 2288; x_wconf 86' lang='lat' dir='ltr'><strong>ratione</strong></span> <span class='ocrx_word' id='word_1_104' title='bbox 321 2216 505 2306; x_wconf 87' lang='lat' dir='ltr'><strong>mitigetur.</strong></span> <span class='ocrx_word' id='word_1_105' title='bbox 821 2218 824 2222; x_wconf 52' lang='lat'><strong><em>⁴</em></strong></span> 
     </span>
    </p>

    <p class='ocr_par' dir='ltr' id='par_1_5' title="bbox 165 2324 1144 2866">
     <span class='ocr_line' id='line_1_17' title="bbox 212 2324 1142 2420; baseline 0.001 -22"><span class='ocrx_word' id='word_1_106' title='bbox 212 2328 312 2400; x_wconf 93' lang='lat' dir='ltr'><strong>Nulla</strong></span> <span class='ocrx_word' id='word_1_107' title='bbox 344 2349 456 2420; x_wconf 90' lang='lat' dir='ltr'><strong>poena</strong></span> <span class='ocrx_word' id='word_1_108' title='bbox 489 2347 548 2396; x_wconf 91' lang='lat' dir='ltr'><strong>eos</strong></span> <span class='ocrx_word' id='word_1_109' title='bbox 582 2324 736 2396; x_wconf 90' lang='lat' dir='ltr'><strong>homines</strong></span> <span class='ocrx_word' id='word_1_110' title='bbox 769 2327 963 2397; x_wconf 89' lang='lat' dir='ltr'><strong>incultiores</strong></span> <span class='ocrx_word' id='word_1_111' title='bbox 997 2337 1032 2397; x_wconf 87' lang='lat' dir='ltr'><strong>et</strong></span> <span class='ocrx_word' id='word_1_112' title='bbox 1064 2352 1142 2400; x_wconf 90' lang='lat' dir='ltr'><strong>sen-</strong></span> 
     </span>
     <span class='ocr_line' id='line_1_18' title="bbox 165 2438 1142 2532; baseline -0.001 -22"><span class='ocrx_word' id='word_1_113' title='bbox 165 2461 223 2510; x_wconf 92' lang='lat' dir='ltr'><strong>sus</strong></span> <span class='ocrx_word' id='word_1_114' title='bbox 257 2463 378 2509; x_wconf 90' lang='lat' dir='ltr'><strong>eorum</strong></span> <span class='ocrx_word' id='word_1_115' title='bbox 401 2439 557 2510; x_wconf 89' lang='lat' dir='ltr'><strong>rudiores</strong></span> <span class='ocrx_word' id='word_1_116' title='bbox 582 2447 652 2508; x_wconf 89' lang='lat' dir='ltr'><strong>tam</strong></span> <span class='ocrx_word' id='word_1_117' title='bbox 676 2438 823 2530; x_wconf 89' lang='lat' dir='ltr'><strong>graviter</strong></span> <span class='ocrx_word' id='word_1_118' title='bbox 847 2448 985 2532; x_wconf 87' lang='lat' dir='ltr'><strong>tangere</strong></span> <span class='ocrx_word' id='word_1_119' title='bbox 1010 2449 1142 2530; x_wconf 90' lang='lat' dir='ltr'><strong>potest,</strong></span> 
     </span>
     <span class='ocr_line' id='line_1_19' title="bbox 167 2549 1144 2647; baseline 0.001 -24"><span class='ocrx_word' id='word_1_120' title='bbox 167 2577 268 2647; x_wconf 87' lang='lat' dir='ltr'><strong>quam</strong></span> <span class='ocrx_word' id='word_1_121' title='bbox 301 2554 456 2623; x_wconf 89' lang='lat' dir='ltr'><strong>ultimum</strong></span> <span class='ocrx_word' id='word_1_122' title='bbox 489 2549 707 2641; x_wconf 90' lang='lat' dir='ltr'><strong>supplicium,</strong></span> <span class='ocrx_word' id='word_1_123' title='bbox 751 2551 852 2644; x_wconf 70' lang='lat' dir='ltr'><strong>quod,</strong></span> <span class='ocrx_word' id='word_1_124' title='bbox 878 2560 971 2622; x_wconf 89' lang='lat' dir='ltr'><strong>certo</strong></span> <span class='ocrx_word' id='word_1_125' title='bbox 1006 2552 1144 2624; x_wconf 90' lang='lat' dir='ltr'><strong>crimina</strong></span> 
     </span>
     <span class='ocr_line' id='line_1_20' title="bbox 165 2660 1144 2756; baseline 0.001 -22"><span class='ocrx_word' id='word_1_126' title='bbox 165 2665 377 2756; x_wconf 88' lang='lat' dir='ltr'><strong>insequitur,</strong></span> <span class='ocrx_word' id='word_1_127' title='bbox 417 2661 511 2754; x_wconf 91' lang='lat' dir='ltr'><strong>quod</strong></span> <span class='ocrx_word' id='word_1_128' title='bbox 548 2660 700 2728; x_wconf 89' lang='lat' dir='ltr'><strong>sensibus</strong></span> <span class='ocrx_word' id='word_1_129' title='bbox 739 2663 944 2754; x_wconf 90' lang='lat' dir='ltr'><strong>conspicitur</strong></span> <span class='ocrx_word' id='word_1_130' title='bbox 981 2673 1015 2732; x_wconf 92' lang='lat' dir='ltr'><strong>et</strong></span> <span class='ocrx_word' id='word_1_131' title='bbox 1049 2687 1144 2756; x_wconf 90' lang='lat' dir='ltr'><strong>spem</strong></span> 
     </span>
     <span class='ocr_line' id='line_1_21' title="bbox 171 2773 490 2866; baseline -0.013 -21"><span class='ocrx_word' id='word_1_132' title='bbox 171 2776 297 2846; x_wconf 89' lang='lat' dir='ltr'><strong>nullam</strong></span> <span class='ocrx_word' id='word_1_133' title='bbox 321 2773 490 2866; x_wconf 92' lang='lat' dir='ltr'><strong>relinquit.</strong></span> 
     </span>
    </p>

    <p class='ocr_par' dir='ltr' id='par_1_6' title="bbox 166 2883 1143 3094">
     <span class='ocr_line' id='line_1_22' title="bbox 215 2883 1143 2978; baseline 0.001 -20"><span class='ocrx_word' id='word_1_134' title='bbox 215 2888 405 2959; x_wconf 81' lang='lat' dir='ltr'><strong>Adversarii</strong></span> <span class='ocrx_word' id='word_1_135' title='bbox 431 2907 557 2978; x_wconf 81' lang='lat' dir='ltr'><strong>poenae</strong></span> <span class='ocrx_word' id='word_1_136' title='bbox 591 2883 702 2953; x_wconf 82' lang='lat' dir='ltr'><strong>mortis</strong></span> <span class='ocrx_word' id='word_1_137' title='bbox 735 2907 807 2956; x_wconf 87' lang='lat' dir='ltr'><strong>eom</strong></span> <span class='ocrx_word' id='word_1_138' title='bbox 839 2885 989 2978; x_wconf 77' lang='lat' dir='ltr'><strong>rejiciunt</strong></span> <span class='ocrx_word' id='word_1_139' title='bbox 1017 2902 1054 2958; x_wconf 84' lang='lat' dir='ltr'><strong>ut</strong></span> <span class='ocrx_word' id='word_1_140' title='bbox 1078 2889 1143 2960; x_wconf 84' lang='lat' dir='ltr'><strong>mi-</strong></span> 
     </span>
     <span class='ocr_line' id='line_1_23' title="bbox 166 2997 711 3094; baseline -0.017 -21"><span class='ocrx_word' id='word_1_141' title='bbox 166 3003 251 3072; x_wconf 79' lang='lat' dir='ltr'><strong>nime</strong></span> <span class='ocrx_word' id='word_1_142' title='bbox 277 3001 449 3094; x_wconf 78' lang='lat' dir='ltr'><strong>subjectam</strong></span> <span class='ocrx_word' id='word_1_143' title='bbox 473 2997 711 3090; x_wconf 82' lang='lat' dir='ltr'><strong>modificatiooi.</strong></span> 
     </span>
    </p>

    <p class='ocr_par' dir='ltr' id='par_1_7' title="bbox 165 3107 1144 3543">
     <span class='ocr_line' id='line_1_24' title="bbox 217 3107 1144 3207; baseline -0.001 -22"><span class='ocrx_word' id='word_1_144' title='bbox 217 3116 309 3185; x_wconf 90' lang='lat' dir='ltr'><strong>Haec</strong></span> <span class='ocrx_word' id='word_1_145' title='bbox 346 3111 490 3207; x_wconf 85' lang='lat' dir='ltr'><strong>objectio</strong></span> <span class='ocrx_word' id='word_1_146' title='bbox 525 3133 604 3180; x_wconf 91' lang='lat' dir='ltr'><strong>sane</strong></span> <span class='ocrx_word' id='word_1_147' title='bbox 638 3107 751 3200; x_wconf 88' lang='lat' dir='ltr'><strong>magni</strong></span> <span class='ocrx_word' id='word_1_148' title='bbox 783 3110 946 3180; x_wconf 89' lang='lat' dir='ltr'><strong>momenti</strong></span> <span class='ocrx_word' id='word_1_149' title='bbox 972 3121 1045 3196; x_wconf 88' lang='lat' dir='ltr'><strong>est,</strong></span> <span class='ocrx_word' id='word_1_150' title='bbox 1084 3114 1144 3184; x_wconf 90' lang='lat' dir='ltr'><strong>sed</strong></span> 
     </span>
     <span class='ocr_line' id='line_1_25' title="bbox 167 3219 1144 3313; baseline 0 -19"><span class='ocrx_word' id='word_1_151' title='bbox 167 3248 237 3296; x_wconf 94' lang='lat' dir='ltr'><strong>non</strong></span> <span class='ocrx_word' id='word_1_152' title='bbox 262 3226 346 3297; x_wconf 83' lang='lat' dir='ltr'><strong>tanti</strong></span> <span class='ocrx_word' id='word_1_153' title='bbox 370 3235 408 3294; x_wconf 90' lang='lat' dir='ltr'><strong>ut</strong></span> <span class='ocrx_word' id='word_1_154' title='bbox 432 3223 550 3293; x_wconf 90' lang='lat' dir='ltr'><strong>mortis</strong></span> <span class='ocrx_word' id='word_1_155' title='bbox 576 3243 687 3313; x_wconf 89' lang='lat' dir='ltr'><strong>poena</strong></span> <span class='ocrx_word' id='word_1_156' title='bbox 711 3219 809 3312; x_wconf 92' lang='lat' dir='ltr'><strong>plane</strong></span> <span class='ocrx_word' id='word_1_157' title='bbox 834 3221 1027 3296; x_wconf 87' lang='lat' dir='ltr'><strong>aboliretur.</strong></span> <span class='ocrx_word' id='word_1_158' title='bbox 1076 3226 1144 3295; x_wconf 89' lang='lat' dir='ltr'><strong>Fe-</strong></span> 
     </span>
     <span class='ocr_line' id='line_1_26' title="bbox 167 3332 1143 3429; baseline -0.001 -23"><span class='ocrx_word' id='word_1_159' title='bbox 167 3337 275 3406; x_wconf 88' lang='lat' dir='ltr'><strong>liciter</strong></span> <span class='ocrx_word' id='word_1_160' title='bbox 312 3346 444 3427; x_wconf 84' lang='lat' dir='ltr'><strong>tempus</strong></span> <span class='ocrx_word' id='word_1_161' title='bbox 478 3336 579 3424; x_wconf 89' lang='lat' dir='ltr'><strong>longe</strong></span> <span class='ocrx_word' id='word_1_162' title='bbox 613 3332 730 3413; x_wconf 85' lang='lat' dir='ltr'><strong>abest,</strong></span> <span class='ocrx_word' id='word_1_163' title='bbox 769 3355 838 3424; x_wconf 90' lang='lat' dir='ltr'><strong>quo</strong></span> <span class='ocrx_word' id='word_1_164' title='bbox 871 3333 1026 3404; x_wconf 89' lang='lat' dir='ltr'><strong>ultimum</strong></span> <span class='ocrx_word' id='word_1_165' title='bbox 1060 3357 1143 3429; x_wconf 93' lang='lat' dir='ltr'><strong>sup-</strong></span> 
     </span>
     <span class='ocr_line' id='line_1_27' title="bbox 165 3443 1074 3543; baseline -0.001 -26"><span class='ocrx_word' id='word_1_166' title='bbox 165 3447 303 3542; x_wconf 89' lang='lat' dir='ltr'><strong>plicium</strong></span> <span class='ocrx_word' id='word_1_167' title='bbox 328 3447 573 3538; x_wconf 83' lang='lat' dir='ltr'><strong>aggravabatur</strong></span> <span class='ocrx_word' id='word_1_168' title='bbox 598 3444 773 3514; x_wconf 91' lang='lat' dir='ltr'><strong>tormentis</strong></span> <span class='ocrx_word' id='word_1_169' title='bbox 799 3444 988 3515; x_wconf 88' lang='lat' dir='ltr'><strong>inhumanis</strong></span> <span class='ocrx_word' id='word_1_170' title='bbox 1015 3443 1025 3540; x_wconf 90' lang='lat'>(</span> <span class='ocrx_word' id='word_1_171' title='bbox 1051 3445 1074 3543; x_wconf 90' lang='lat'><strong>).</strong></span> 
     </span>
    </p>

    <p class='ocr_par' dir='ltr' id='par_1_8' title="bbox 166 3557 1145 3880">
     <span class='ocr_line' id='line_1_28' title="bbox 218 3557 1142 3651; baseline 0.001 -23"><span class='ocrx_word' id='word_1_172' title='bbox 218 3559 433 3651; x_wconf 84' lang='lat' dir='ltr'><strong>Quamquam</strong></span> <span class='ocrx_word' id='word_1_173' title='bbox 456 3557 490 3628; x_wconf 94' lang='lat' dir='ltr'><strong>in</strong></span> <span class='ocrx_word' id='word_1_174' title='bbox 515 3557 682 3626; x_wconf 93' lang='lat' dir='ltr'><strong>nonnullis</strong></span> <span class='ocrx_word' id='word_1_175' title='bbox 707 3557 901 3650; x_wconf 89' lang='lat' dir='ltr'><strong>regionibns</strong></span> <span class='ocrx_word' id='word_1_176' title='bbox 928 3559 1037 3628; x_wconf 92' lang='lat' dir='ltr'><strong>adhuc</strong></span> <span class='ocrx_word' id='word_1_177' title='bbox 1052 3562 1142 3631; x_wconf 88' lang='lat' dir='ltr'><strong>srac-</strong></span> 
     </span>
     <span class='ocr_line' id='line_1_29' title="bbox 167 3670 1143 3766; baseline -0.002 -22"><span class='ocrx_word' id='word_1_178' title='bbox 167 3684 244 3746; x_wconf 88' lang='lat' dir='ltr'><strong>tura</strong></span> <span class='ocrx_word' id='word_1_179' title='bbox 276 3671 507 3742; x_wconf 87' lang='lat' dir='ltr'><strong>membrorum</strong></span> <span class='ocrx_word' id='word_1_180' title='bbox 540 3693 643 3762; x_wconf 89' lang='lat' dir='ltr'><strong>supra</strong></span> <span class='ocrx_word' id='word_1_181' title='bbox 675 3678 769 3749; x_wconf 85' lang='lat' dir='ltr'><strong>rota,</strong></span> <span class='ocrx_word' id='word_1_182' title='bbox 807 3670 842 3740; x_wconf 92' lang='lat' dir='ltr'><strong>in</strong></span> <span class='ocrx_word' id='word_1_183' title='bbox 877 3671 949 3741; x_wconf 90' lang='lat' dir='ltr'><strong>aliis</strong></span> <span class='ocrx_word' id='word_1_184' title='bbox 984 3671 1049 3746; x_wconf 90' lang='lat' dir='ltr'><strong>alia</strong></span> <span class='ocrx_word' id='word_1_185' title='bbox 1082 3697 1143 3766; x_wconf 89' lang='lat' dir='ltr'><strong>ag-</strong></span> 
     </span>
     <span class='ocr_line' id='line_1_30' title="bbox 166 3780 1145 3880; baseline -0.001 -21"><span class='ocrx_word' id='word_1_186' title='bbox 166 3786 318 3880; x_wconf 84' lang='lat' dir='ltr'><strong>gravatio</strong></span> <span class='ocrx_word' id='word_1_187' title='bbox 352 3784 387 3854; x_wconf 95' lang='lat' dir='ltr'><strong>in</strong></span> <span class='ocrx_word' id='word_1_188' title='bbox 419 3782 593 3878; x_wconf 90' lang='lat' dir='ltr'><strong>parricidis</strong></span> <span class='ocrx_word' id='word_1_189' title='bbox 628 3790 663 3852; x_wconf 88' lang='lat' dir='ltr'><strong>et</strong></span> <span class='ocrx_word' id='word_1_190' title='bbox 694 3780 849 3874; x_wconf 85' lang='lat' dir='ltr'><strong>regicidis</strong></span> <span class='ocrx_word' id='word_1_191' title='bbox 885 3783 1021 3869; x_wconf 88' lang='lat' dir='ltr'><strong>existit,</strong></span> <span class='ocrx_word' id='word_1_192' title='bbox 1055 3810 1145 3858; x_wconf 87' lang='lat' dir='ltr'><strong>nunc</strong></span> 
     </span>
    </p>
   </div>
   <div class='ocr_carea' id='block_1_5' title="bbox 165 3995 422 4012">
    <p class='ocr_par' dir='ltr' id='par_1_9' title="bbox 165 3995 422 4012">
     <span class='ocr_line' id='line_1_31' title="bbox 165 3995 422 4012; baseline 0 0"><span class='ocrx_word' id='word_1_193' title='bbox 165 3995 422 4012; x_wconf 72' lang='grc' dir='ltr'><strong>-ι-ι-ι--ἰ</strong></span> 
     </span>
    </p>
   </div>
   <div class='ocr_carea' id='block_1_6' title="bbox 209 4143 1139 4219">
    <p class='ocr_par' dir='ltr' id='par_1_10' title="bbox 209 4143 1139 4219">
     <span class='ocr_line' id='line_1_32' title="bbox 209 4143 1139 4219; baseline 0.01 -22"><span class='ocrx_word' id='word_1_194' title='bbox 209 4143 256 4217; x_wconf 89' lang='lat' dir='ltr'><strong>(l)</strong></span> <span class='ocrx_word' id='word_1_195' title='bbox 276 4144 385 4219; x_wconf 85' lang='lat' dir='ltr'><strong>Corpus</strong></span> <span class='ocrx_word' id='word_1_196' title='bbox 414 4147 506 4202; x_wconf 84' lang='lat' dir='ltr'><strong>vivum</strong></span> <span class='ocrx_word' id='word_1_197' title='bbox 535 4149 564 4200; x_wconf 90' lang='lat' dir='ltr'><strong>in</strong></span> <span class='ocrx_word' id='word_1_198' title='bbox 593 4155 717 4218; x_wconf 84' lang='lat' dir='ltr'><strong>quatuor</strong></span> <span class='ocrx_word' id='word_1_199' title='bbox 739 4156 832 4218; x_wconf 79' lang='lat' dir='ltr'><strong>partes</strong></span> <span class='ocrx_word' id='word_1_200' title='bbox 854 4150 1023 4218; x_wconf 78' lang='lat' dir='ltr'><strong>distrahere,</strong></span> <span class='ocrx_word' id='word_1_201' title='bbox 1053 4151 1139 4206; x_wconf 90' lang='lat' dir='ltr'><strong>divul-</strong></span> 
     </span>
    </p>
   </div>
   <div class='ocr_carea' id='block_1_7' title="bbox 0 0 1470 5034">
    <p class='ocr_par' dir='ltr' id='par_1_11' title="bbox 0 0 1470 5034">
     <span class='ocr_line' id='line_1_33' title="bbox 0 0 1470 5034; baseline 0 0"><span class='ocrx_word' id='word_1_202' title='bbox 0 0 1470 5034; x_wconf 95' lang='lat' dir='ltr'><strong> </strong></span> 
     </span>
    </p>
   </div>
  </div>
 </body>
</html>
