2926 5034
766 489 812 557 {ll

300 695 423 765 poeooc
457 672 662 764 corporales,
700 681 758 740 aut
795 674 818 740 2
852 673 1024 762 Pspolor'ooo
1059 675 1123 742 sico
1152 663 1277 766 poenos

305 789 452 856 currales.
502 787 554 854 De
579 783 630 853 his
657 783 788 854 deinde.

355 899 536 968 Videamus
571 919 660 966 nuno
695 897 736 966 de
756 899 871 989 porois
890 899 1031 989 physicis
1057 901 1279 990 corporalibus

307 1011 475 1081 universe.

356 1123 547 1216 applicatio
582 1129 616 1190 et
648 1121 770 1190 modus
797 1121 1023 1191 exsecutionis
1049 1122 1168 1191 harum
1193 1145 1280 1214 poe-

307 1257 427 1304 narum
470 1256 586 1303 ansam
625 1232 788 1302 dederunt
821 1234 976 1302 maximis
1011 1234 1279 1312 controversiis,

308 1357 343 1416 et
383 1347 637 1438 produxerunt,
685 1345 874 1416 mirandum
907 1346 941 1414 in
974 1345 1132 1424 modum,
1176 1367 1280 1436 argu-

309 1468 423 1530 menta
456 1459 554 1549 plane
578 1457 666 1526 inter
692 1479 728 1526 se
753 1459 947 1548 pugnantia.
998 1459 1083 1527 Cum
1107 1458 1194 1528 inter
1219 1458 1280 1526 has

310 1593 422 1661 poena
454 1567 574 1637 mortis
610 1577 703 1637 certo
737 1570 954 1660 praecipuum
989 1559 1102 1636 locum
1129 1568 1280 1648 obtinet,

309 1681 350 1750 ab
392 1680 455 1748 hac
497 1677 629 1748 initium
663 1681 845 1761 faciamus,
887 1681 1088 1772 praesertim
1121 1683 1282 1774 quoniam

309 1791 617 1864 animadversiones
644 1792 686 1860 de
711 1792 774 1863 hac
799 1816 910 1885 poena
935 1794 1069 1884 saepius
1096 1795 1168 1864 aliis
1196 1818 1282 1888 poe-

310 1906 362 1976 nis
390 1903 623 1996 corporalibus
649 1927 755 1998 aeque
780 1906 993 1975 conveniunt.
1023 1953 1025 1960 ι

361 2020 478 2088 Poena
501 2017 638 2085 mortis
682 2017 724 2086 ab
759 2018 830 2086 aliis
865 2015 1082 2109 (argumentis
1116 2019 1190 2109 plus
1225 2027 1284 2088 aut

311 2132 422 2202 minus
448 2127 599 2222 validis),
637 2129 783 2200 maxime
804 2131 898 2222 justa
923 2141 957 2198 et
980 2131 1152 2200 rationalis
1177 2129 1283 2198 habe-

309 2254 384 2322 tur;
422 2241 493 2310 aliis
527 2240 613 2310 hano
645 2264 789 2332 poenam
824 2243 949 2336 quippe
974 2243 1283 2313 inhumanissimam

311 2365 345 2424 et
381 2354 478 2424 valde
515 2353 673 2447 injustam
707 2356 1024 2432 condemnantium
1062 2357 1104 2423 de
1138 2379 1284 2447 quorum

308 2469 375 2540 fide
419 2468 510 2536 bona
553 2476 611 2536 ant
651 2465 858 2556 experientia
895 2465 1092 2534 nullomodo
1130 2467 1284 2536 dubitare

241 2589 247 2602 ’
310 2601 502 2673 possumus,
561 2577 691 2646 Eodem
726 2577 829 2646 modo
864 2599 932 2668 quo
965 2599 1056 2646 nuno
1086 2579 1283 2648 reclusionis

308 2692 443 2764 diversa
492 2699 696 2782 systemata,
747 2699 781 2758 et
830 2689 1116 2760 ameliorationsm
1167 2713 1284 2762 mora-

310 2803 399 2886 lem,
458 2812 629 2895 tamquam
675 2827 800 2894 equoom
840 2803 1086 2884 ,titubator-em,
1133 2803 1285 2897 (hosbal-

312 2914 450 3007 paard),
501 2914 792 3003 philantroporum
833 2913 1097 2983 theoretimrum
1127 2919 1285 2986 conside-

310 3050 386 3096 rare
420 3046 621 3116 possumus,
655 3023 703 3090 sic
737 3033 835 3094 antea
869 3024 910 3092 de
935 3047 1046 3116 poena
1070 3029 1189 3096 mortis
1216 3029 1285 3097 dis-

311 3147 466 3230 putatum
490 3146 551 3204 est.

242 3327 246 3332 ,
361 3248 610 3320 Tantummodo
648 3245 715 3316 hoc
750 3248 828 3316 loco
868 3260 1065 3340 argumenta
1102 3253 1286 3344 praecipua

308 3387 430 3436 eornm
457 3363 514 3454 qui
539 3383 669 3453 poenae
694 3359 812 3430 mortis
839 3362 1006 3432 adversati
1024 3375 1121 3444 sunt,
1149 3367 1285 3435 afferam

314 3487 347 3545 et
379 3475 526 3543 breviter
560 3482 722 3566 quantum
753 3473 841 3542 vires
868 3477 1064 3566 permittunt
1090 3480 1284 3570 explicabo;

315 3597 513 3680 argumenta
562 3585 758 3676 principalia
811 3589 1045 3658 tantummodo
1101 3590 1285 3679 attingam,

314 3701 476 3794 quoniam
507 3697 633 3768 multae
658 3698 927 3788 impugnationes
953 3700 1052 3794 hujus
1078 3722 1209 3791 poenae
1234 3701 1288 3769 ni-

314 3814 360 3883 hil
394 3811 484 3882 aliud
518 3809 697 3890 sistebant,
731 3833 834 3902 quam
867 3815 1037 3883 orationes
1071 3813 1289 3904 perhumani-

316 3947 392 3994 ores
428 3934 460 3992 et
495 3923 669 4014 religiosas
706 3946 792 4015 quae
819 3924 1022 3996 invocabant
1047 3927 1198 4016 ineptum
1224 3927 1290 3995 ho-

313 4039 441 4110 minum
487 4060 657 4116 amorem,
703 4046 762 4106 aut
804 4037 985 4107 sententias
1027 4036 1289 4129 philantropieas

313 4152 420 4242 inagis
450 4149 649 4242 sophisticas
676 4158 770 4218 natas
798 4172 840 4217 ex
864 4149 995 4240 privata
1012 4149 1183 4241 opinione.
1227 4155 1290 4222 Se-
