<?xml version="1.0" encoding="UTF-8"?>
<!DOCTYPE html PUBLIC "-//W3C//DTD XHTML 1.0 Transitional//EN"
    "http://www.w3.org/TR/xhtml1/DTD/xhtml1-transitional.dtd">
<html xmlns="http://www.w3.org/1999/xhtml" xml:lang="en" lang="en">
 <head>
  <title>
</title>
<meta http-equiv="Content-Type" content="text/html;charset=utf-8" />
  <meta name='ocr-system' content='tesseract 3.04.00' />
  <meta name='ocr-capabilities' content='ocr_page ocr_carea ocr_par ocr_line ocrx_word'/>
</head>
<body>
  <div class='ocr_page' id='page_1' title='image "./depoenis00noltgoog_0117.png"; bbox 0 0 2922 5024; ppageno 0'>
   <div class='ocr_carea' id='block_1_1' title="bbox 658 517 726 586">
    <p class='ocr_par' dir='ltr' id='par_1_1' title="bbox 658 517 726 586">
     <span class='ocr_line' id='line_1_1' title="bbox 658 517 726 586; baseline 0 0"><span class='ocrx_word' id='word_1_1' title='bbox 658 517 726 586; x_wconf 84' lang='lat'>103</span> 
     </span>
    </p>
   </div>
   <div class='ocr_carea' id='block_1_2' title="bbox 189 697 1169 2028">
    <p class='ocr_par' dir='ltr' id='par_1_2' title="bbox 189 697 1169 2028">
     <span class='ocr_line' id='line_1_2' title="bbox 194 697 1167 792; baseline 0.002 -22"><span class='ocrx_word' id='word_1_2' title='bbox 194 708 296 770; x_wconf 81' lang='lat' dir='ltr'>tatem</span> <span class='ocrx_word' id='word_1_3' title='bbox 328 698 474 770; x_wconf 89' lang='lat' dir='ltr'>hominis</span> <span class='ocrx_word' id='word_1_4' title='bbox 507 698 714 780; x_wconf 85' lang='lat' dir='ltr'>laedentem,</span> <span class='ocrx_word' id='word_1_5' title='bbox 749 707 783 768; x_wconf 88' lang='lat' dir='ltr'>et</span> <span class='ocrx_word' id='word_1_6' title='bbox 816 719 908 770; x_wconf 88' lang='lat' dir='ltr'>mero</span> <span class='ocrx_word' id='word_1_7' title='bbox 934 697 1167 792; x_wconf 76' lang='lat' dir='ltr'>applicandam</span> 
     </span>
     <span class='ocr_line' id='line_1_3' title="bbox 193 810 1169 904; baseline 0 -22"><span class='ocrx_word' id='word_1_8' title='bbox 193 811 257 882; x_wconf 89' lang='lat' dir='ltr'>nisi</span> <span class='ocrx_word' id='word_1_9' title='bbox 289 811 324 882; x_wconf 95' lang='lat' dir='ltr'>in</span> <span class='ocrx_word' id='word_1_10' title='bbox 358 810 555 883; x_wconf 73' lang='lat' dir='ltr'>animalibus</span> <span class='ocrx_word' id='word_1_11' title='bbox 580 810 851 893; x_wconf 78' lang='lat' dir='ltr'>irrationalibus,</span> <span class='ocrx_word' id='word_1_12' title='bbox 888 811 929 882; x_wconf 91' lang='lat' dir='ltr'>iis</span> <span class='ocrx_word' id='word_1_13' title='bbox 954 812 1169 904; x_wconf 69' lang='lat' dir='ltr'>respondem</span> 
     </span>
     <span class='ocr_line' id='line_1_4' title="bbox 192 914 1168 1018; baseline 0.002 -22"><span class='ocrx_word' id='word_1_14' title='bbox 192 914 346 996; x_wconf 83' lang='lat' dir='ltr'>homines</span> <span class='ocrx_word' id='word_1_15' title='bbox 387 924 530 995; x_wconf 79' lang='lat' dir='ltr'>inveniri</span> <span class='ocrx_word' id='word_1_16' title='bbox 567 924 626 1018; x_wconf 93' lang='lat' dir='ltr'>qui</span> <span class='ocrx_word' id='word_1_17' title='bbox 658 923 744 996; x_wconf 87' lang='lat' dir='ltr'>infra</span> <span class='ocrx_word' id='word_1_18' title='bbox 776 923 931 996; x_wconf 86' lang='lat' dir='ltr'>animalia</span> <span class='ocrx_word' id='word_1_19' title='bbox 963 925 1064 995; x_wconf 89' lang='lat' dir='ltr'>bruta</span> <span class='ocrx_word' id='word_1_20' title='bbox 1098 947 1168 1017; x_wconf 82' lang='lat' dir='ltr'>po-</span> 
     </span>
     <span class='ocr_line' id='line_1_5' title="bbox 191 1036 1168 1130; baseline 0.001 -23"><span class='ocrx_word' id='word_1_21' title='bbox 191 1037 294 1108; x_wconf 89' lang='lat' dir='ltr'>nendi</span> <span class='ocrx_word' id='word_1_22' title='bbox 334 1045 423 1108; x_wconf 87' lang='lat' dir='ltr'>sunt.</span> <span class='ocrx_word' id='word_1_23' title='bbox 485 1037 530 1108; x_wconf 92' lang='lat' dir='ltr'>lis</span> <span class='ocrx_word' id='word_1_24' title='bbox 575 1059 662 1130; x_wconf 92' lang='lat' dir='ltr'>opus</span> <span class='ocrx_word' id='word_1_25' title='bbox 697 1045 749 1106; x_wconf 87' lang='lat' dir='ltr'>est</span> <span class='ocrx_word' id='word_1_26' title='bbox 780 1036 900 1130; x_wconf 87' lang='lat' dir='ltr'>poenis</span> <span class='ocrx_word' id='word_1_27' title='bbox 935 1037 1168 1119; x_wconf 69' lang='lat' dir='ltr'>sensualibus,</span> 
     </span>
     <span class='ocr_line' id='line_1_6' title="bbox 192 1147 1169 1242; baseline 0.003 -23"><span class='ocrx_word' id='word_1_28' title='bbox 192 1148 424 1242; x_wconf 77' lang='lat' dir='ltr'>corporalibus</span> <span class='ocrx_word' id='word_1_29' title='bbox 468 1172 556 1242; x_wconf 86' lang='lat' dir='ltr'>quae</span> <span class='ocrx_word' id='word_1_30' title='bbox 598 1150 724 1220; x_wconf 88' lang='lat' dir='ltr'>direete</span> <span class='ocrx_word' id='word_1_31' title='bbox 761 1149 869 1242; x_wconf 84' lang='lat' dir='ltr'>magis</span> <span class='ocrx_word' id='word_1_32' title='bbox 906 1147 942 1220; x_wconf 94' lang='lat' dir='ltr'>in</span> <span class='ocrx_word' id='word_1_33' title='bbox 976 1170 1094 1220; x_wconf 89' lang='lat' dir='ltr'>sensus</span> <span class='ocrx_word' id='word_1_34' title='bbox 1129 1172 1169 1222; x_wconf 84' lang='lat' dir='ltr'>n-</span> 
     </span>
     <span class='ocr_line' id='line_1_7' title="bbox 190 1260 1165 1354; baseline 0.005 -24"><span class='ocrx_word' id='word_1_35' title='bbox 190 1271 293 1354; x_wconf 86' lang='lat' dir='ltr'>gunt,</span> <span class='ocrx_word' id='word_1_36' title='bbox 332 1271 365 1332; x_wconf 87' lang='lat' dir='ltr'>et</span> <span class='ocrx_word' id='word_1_37' title='bbox 398 1263 506 1354; x_wconf 82' lang='lat' dir='ltr'>magis</span> <span class='ocrx_word' id='word_1_38' title='bbox 541 1262 576 1331; x_wconf 92' lang='lat' dir='ltr'>in</span> <span class='ocrx_word' id='word_1_39' title='bbox 601 1261 825 1353; x_wconf 72' lang='lat' dir='ltr'>proportione</span> <span class='ocrx_word' id='word_1_40' title='bbox 850 1260 989 1332; x_wconf 85' lang='lat' dir='ltr'>minoris</span> <span class='ocrx_word' id='word_1_41' title='bbox 1016 1261 1165 1335; x_wconf 84' lang='lat' dir='ltr'>evoluti-</span> 
     </span>
     <span class='ocr_line' id='line_1_8' title="bbox 192 1371 1165 1463; baseline 0.002 -19"><span class='ocrx_word' id='word_1_42' title='bbox 192 1375 268 1444; x_wconf 89' lang='lat' dir='ltr'>onis</span> <span class='ocrx_word' id='word_1_43' title='bbox 308 1373 466 1455; x_wconf 85' lang='lat' dir='ltr'>moralis,</span> <span class='ocrx_word' id='word_1_44' title='bbox 508 1381 567 1444; x_wconf 87' lang='lat' dir='ltr'>aut</span> <span class='ocrx_word' id='word_1_45' title='bbox 604 1371 852 1463; x_wconf 78' lang='lat' dir='ltr'>depravationis</span> <span class='ocrx_word' id='word_1_46' title='bbox 889 1373 1038 1444; x_wconf 86' lang='lat' dir='ltr'>bestialis</span> <span class='ocrx_word' id='word_1_47' title='bbox 1077 1383 1165 1449; x_wconf 90' lang='lat' dir='ltr'>sunt.</span> 
     </span>
     <span class='ocr_line' id='line_1_9' title="bbox 192 1483 1168 1578; baseline 0.003 -22"><span class='ocrx_word' id='word_1_48' title='bbox 192 1487 325 1556; x_wconf 84' lang='lat' dir='ltr'>Poenas</span> <span class='ocrx_word' id='word_1_49' title='bbox 364 1507 471 1578; x_wconf 87' lang='lat' dir='ltr'>aeque</span> <span class='ocrx_word' id='word_1_50' title='bbox 506 1483 636 1555; x_wconf 78' lang='lat' dir='ltr'>difficile</span> <span class='ocrx_word' id='word_1_51' title='bbox 669 1507 709 1554; x_wconf 88' lang='lat' dir='ltr'>ao</span> <span class='ocrx_word' id='word_1_52' title='bbox 740 1484 977 1556; x_wconf 86' lang='lat' dir='ltr'>vestimentum</span> <span class='ocrx_word' id='word_1_53' title='bbox 1011 1487 1168 1558; x_wconf 88' lang='lat' dir='ltr'>omuibus</span> 
     </span>
     <span class='ocr_line' id='line_1_10' title="bbox 191 1596 1166 1691; baseline 0.003 -23"><span class='ocrx_word' id='word_1_54' title='bbox 191 1598 384 1668; x_wconf 86' lang='lat' dir='ltr'>hominibus</span> <span class='ocrx_word' id='word_1_55' title='bbox 416 1596 544 1689; x_wconf 88' lang='lat' dir='ltr'>pariter</span> <span class='ocrx_word' id='word_1_56' title='bbox 576 1605 672 1689; x_wconf 87' lang='lat' dir='ltr'>aptas</span> <span class='ocrx_word' id='word_1_57' title='bbox 706 1596 848 1668; x_wconf 88' lang='lat' dir='ltr'>reddere</span> <span class='ocrx_word' id='word_1_58' title='bbox 884 1621 1088 1691; x_wconf 84' lang='lat' dir='ltr'>possumus,</span> <span class='ocrx_word' id='word_1_59' title='bbox 1131 1609 1166 1670; x_wconf 87' lang='lat' dir='ltr'>et</span> 
     </span>
     <span class='ocr_line' id='line_1_11' title="bbox 193 1709 1163 1804; baseline 0.002 -24"><span class='ocrx_word' id='word_1_60' title='bbox 193 1709 428 1782; x_wconf 88' lang='lat' dir='ltr'>tantummodo</span> <span class='ocrx_word' id='word_1_61' title='bbox 444 1719 564 1781; x_wconf 89' lang='lat' dir='ltr'>nostra</span> <span class='ocrx_word' id='word_1_62' title='bbox 578 1709 614 1780; x_wconf 93' lang='lat' dir='ltr'>in</span> <span class='ocrx_word' id='word_1_63' title='bbox 627 1715 797 1800; x_wconf 80' lang='lat' dir='ltr'>potestate</span> <span class='ocrx_word' id='word_1_64' title='bbox 814 1719 885 1792; x_wconf 82' lang='lat' dir='ltr'>est,</span> <span class='ocrx_word' id='word_1_65' title='bbox 902 1733 1049 1804; x_wconf 87' lang='lat' dir='ltr'>poenam</span> <span class='ocrx_word' id='word_1_66' title='bbox 1065 1733 1163 1784; x_wconf 89' lang='lat' dir='ltr'>men-</span> 
     </span>
     <span class='ocr_line' id='line_1_12' title="bbox 192 1821 1163 1912; baseline -0.001 -18"><span class='ocrx_word' id='word_1_67' title='bbox 192 1845 291 1894; x_wconf 86' lang='lat' dir='ltr'>surae</span> <span class='ocrx_word' id='word_1_68' title='bbox 337 1821 508 1892; x_wconf 89' lang='lat' dir='ltr'>oommuni</span> <span class='ocrx_word' id='word_1_69' title='bbox 554 1821 737 1912; x_wconf 86' lang='lat' dir='ltr'>adaptare,</span> <span class='ocrx_word' id='word_1_70' title='bbox 784 1821 886 1892; x_wconf 88' lang='lat' dir='ltr'>oredo</span> <span class='ocrx_word' id='word_1_71' title='bbox 924 1832 1038 1895; x_wconf 89' lang='lat' dir='ltr'>autem</span> <span class='ocrx_word' id='word_1_72' title='bbox 1074 1823 1163 1894; x_wconf 87' lang='lat' dir='ltr'>hano</span> 
     </span>
     <span class='ocr_line' id='line_1_13' title="bbox 189 1931 1164 2028; baseline 0 -22"><span class='ocrx_word' id='word_1_73' title='bbox 189 1957 335 2028; x_wconf 88' lang='lat' dir='ltr'>poenam</span> <span class='ocrx_word' id='word_1_74' title='bbox 368 1935 568 2027; x_wconf 86' lang='lat' dir='ltr'>plerumque</span> <span class='ocrx_word' id='word_1_75' title='bbox 601 1931 679 2002; x_wconf 86' lang='lat' dir='ltr'>huie</span> <span class='ocrx_word' id='word_1_76' title='bbox 711 1931 770 2002; x_wconf 88' lang='lat' dir='ltr'>fini</span> <span class='ocrx_word' id='word_1_77' title='bbox 793 1935 1020 2026; x_wconf 87' lang='lat' dir='ltr'>respondere,</span> <span class='ocrx_word' id='word_1_78' title='bbox 1058 1957 1164 2028; x_wconf 85' lang='lat' dir='ltr'>quum</span> 
     </span>
    </p>
   </div>
   <div class='ocr_carea' id='block_1_3' title="bbox 189 2033 1263 2127">
    <p class='ocr_par' dir='ltr' id='par_1_3' title="bbox 189 2033 1263 2127">
     <span class='ocr_line' id='line_1_14' title="bbox 189 2033 1263 2127; baseline -0.005 -8"><span class='ocrx_word' id='word_1_79' title='bbox 189 2049 231 2119; x_wconf 86' lang='lat' dir='ltr'>ed</span> <span class='ocrx_word' id='word_1_80' title='bbox 258 2056 381 2120; x_wconf 80' lang='lat' dir='ltr'>statum</span> <span class='ocrx_word' id='word_1_81' title='bbox 406 2046 565 2118; x_wconf 77' lang='lat' dir='ltr'>socialem</span> <span class='ocrx_word' id='word_1_82' title='bbox 590 2045 728 2116; x_wconf 86' lang='lat' dir='ltr'>attendo</span> <span class='ocrx_word' id='word_1_83' title='bbox 753 2067 873 2118; x_wconf 88' lang='lat' dir='ltr'>eorum</span> <span class='ocrx_word' id='word_1_84' title='bbox 897 2045 1092 2127; x_wconf 90' lang='lat' dir='ltr'>bominum,</span> <span class='ocrx_word' id='word_1_85' title='bbox 1125 2045 1162 2116; x_wconf 92' lang='lat' dir='ltr'>in</span> <span class='ocrx_word' id='word_1_86' title='bbox 1254 2033 1263 2044; x_wconf 75' lang='grc'><strong>’</strong></span> 
     </span>
    </p>
   </div>
   <div class='ocr_carea' id='block_1_4' title="bbox 135 2157 1165 2476">
    <p class='ocr_par' dir='ltr' id='par_1_4' title="bbox 135 2157 1165 2476">
     <span class='ocr_line' id='line_1_15' title="bbox 192 2157 1163 2251; baseline 0.002 -23"><span class='ocrx_word' id='word_1_87' title='bbox 192 2181 262 2251; x_wconf 91' lang='lat' dir='ltr'>quo</span> <span class='ocrx_word' id='word_1_88' title='bbox 307 2159 475 2228; x_wconf 83' lang='lat' dir='ltr'>maximus</span> <span class='ocrx_word' id='word_1_89' title='bbox 519 2180 679 2228; x_wconf 88' lang='lat' dir='ltr'>numerus</span> <span class='ocrx_word' id='word_1_90' title='bbox 717 2157 949 2230; x_wconf 78' lang='lat' dir='ltr'>maleficorum</span> <span class='ocrx_word' id='word_1_91' title='bbox 984 2159 1163 2230; x_wconf 84' lang='lat' dir='ltr'>invenitur.</span> 
     </span>
     <span class='ocr_line' id='line_1_16' title="bbox 191 2267 1163 2362; baseline 0.002 -18"><span class='ocrx_word' id='word_1_92' title='bbox 191 2271 384 2347; x_wconf 83' lang='lat' dir='ltr'>Secundum</span> <span class='ocrx_word' id='word_1_93' title='bbox 429 2268 625 2362; x_wconf 90' lang='lat' dir='ltr'>opinionem</span> <span class='ocrx_word' id='word_1_94' title='bbox 666 2267 959 2361; x_wconf 82' lang='lat' dir='ltr'>philantroporum</span> <span class='ocrx_word' id='word_1_95' title='bbox 999 2271 1163 2346; x_wconf 63' lang='lat' dir='ltr'>theoreti÷</span> 
     </span>
     <span class='ocr_line' id='line_1_17' title="bbox 135 2381 1165 2476; baseline -0.001 -21"><span class='ocrx_word' id='word_1_96' title='bbox 135 2388 137 2393; x_wconf 79' lang='grc'>’</span> <span class='ocrx_word' id='word_1_97' title='bbox 190 2406 332 2466; x_wconf 87' lang='lat' dir='ltr'>eorum,</span> <span class='ocrx_word' id='word_1_98' title='bbox 374 2404 491 2454; x_wconf 89' lang='lat' dir='ltr'>omnes</span> <span class='ocrx_word' id='word_1_99' title='bbox 534 2381 688 2452; x_wconf 87' lang='lat' dir='ltr'>homines</span> <span class='ocrx_word' id='word_1_100' title='bbox 730 2381 887 2476; x_wconf 83' lang='lat' dir='ltr'>aequales</span> <span class='ocrx_word' id='word_1_101' title='bbox 929 2382 1165 2454; x_wconf 80' lang='lat' dir='ltr'>considerandi</span> 
     </span>
    </p>
   </div>
   <div class='ocr_carea' id='block_1_5' title="bbox 190 2493 1165 2699">
    <p class='ocr_par' dir='ltr' id='par_1_5' title="bbox 190 2493 1165 2699">
     <span class='ocr_line' id='line_1_18' title="bbox 190 2493 1163 2591; baseline -0.002 -25"><span class='ocrx_word' id='word_1_102' title='bbox 190 2506 289 2568; x_wconf 86' lang='lat' dir='ltr'>sunt:</span> <span class='ocrx_word' id='word_1_103' title='bbox 310 2497 388 2591; x_wconf 89' lang='lat' dir='ltr'>jure</span> <span class='ocrx_word' id='word_1_104' title='bbox 412 2495 557 2589; x_wconf 65' lang='lat' dir='ltr'>neutrali</span> <span class='ocrx_word' id='word_1_105' title='bbox 580 2494 737 2566; x_wconf 88' lang='lat' dir='ltr'>universe</span> <span class='ocrx_word' id='word_1_106' title='bbox 761 2517 880 2564; x_wconf 82' lang='lat' dir='ltr'>verum</span> <span class='ocrx_word' id='word_1_107' title='bbox 905 2493 972 2566; x_wconf 88' lang='lat' dir='ltr'>boo</span> <span class='ocrx_word' id='word_1_108' title='bbox 996 2515 1071 2566; x_wconf 87' lang='lat' dir='ltr'>esse</span> <span class='ocrx_word' id='word_1_109' title='bbox 1096 2516 1163 2586; x_wconf 90' lang='lat' dir='ltr'>po·</span> 
     </span>
     <span class='ocr_line' id='line_1_19' title="bbox 190 2605 1165 2699; baseline -0.002 -21"><span class='ocrx_word' id='word_1_110' title='bbox 190 2619 275 2693; x_wconf 89' lang='lat' dir='ltr'>test,</span> <span class='ocrx_word' id='word_1_111' title='bbox 309 2609 370 2679; x_wconf 88' lang='lat' dir='ltr'>sed</span> <span class='ocrx_word' id='word_1_112' title='bbox 398 2609 434 2677; x_wconf 92' lang='lat' dir='ltr'>in</span> <span class='ocrx_word' id='word_1_113' title='bbox 459 2608 529 2678; x_wconf 87' lang='lat' dir='ltr'>vita</span> <span class='ocrx_word' id='word_1_114' title='bbox 552 2607 701 2699; x_wconf 80' lang='lat' dir='ltr'>practica</span> <span class='ocrx_word' id='word_1_115' title='bbox 727 2606 843 2678; x_wconf 90' lang='lat' dir='ltr'>sooiali</span> <span class='ocrx_word' id='word_1_116' title='bbox 868 2605 1053 2679; x_wconf 85' lang='lat' dir='ltr'>differentia</span> <span class='ocrx_word' id='word_1_117' title='bbox 1076 2606 1165 2677; x_wconf 89' lang='lat' dir='ltr'>inter</span> 
     </span>
    </p>
   </div>
   <div class='ocr_carea' id='block_1_6' title="bbox 190 2717 1164 2926">
    <p class='ocr_par' dir='ltr' id='par_1_6' title="bbox 190 2717 1164 2926">
     <span class='ocr_line' id='line_1_20' title="bbox 190 2717 1164 2811; baseline -0.001 -22"><span class='ocrx_word' id='word_1_118' title='bbox 190 2741 356 2790; x_wconf 89' lang='lat' dir='ltr'>summam</span> <span class='ocrx_word' id='word_1_119' title='bbox 389 2727 423 2790; x_wconf 89' lang='lat' dir='ltr'>et</span> <span class='ocrx_word' id='word_1_120' title='bbox 458 2717 607 2788; x_wconf 86' lang='lat' dir='ltr'>intimam</span> <span class='ocrx_word' id='word_1_121' title='bbox 631 2717 755 2787; x_wconf 81' lang='lat' dir='ltr'>scalam</span> <span class='ocrx_word' id='word_1_122' title='bbox 778 2719 923 2788; x_wconf 83' lang='lat' dir='ltr'>fortasse</span> <span class='ocrx_word' id='word_1_123' title='bbox 947 2717 1057 2811; x_wconf 89' lang='lat' dir='ltr'>major</span> <span class='ocrx_word' id='word_1_124' title='bbox 1082 2719 1164 2801; x_wconf 86' lang='lat' dir='ltr'>erit,</span> 
     </span>
     <span class='ocr_line' id='line_1_21' title="bbox 190 2827 1162 2926; baseline -0.003 -23"><span class='ocrx_word' id='word_1_125' title='bbox 190 2854 293 2926; x_wconf 89' lang='lat' dir='ltr'>qnam</span> <span class='ocrx_word' id='word_1_126' title='bbox 336 2829 491 2924; x_wconf 79' lang='lat' dir='ltr'>gradatio</span> <span class='ocrx_word' id='word_1_127' title='bbox 534 2827 674 2922; x_wconf 87' lang='lat' dir='ltr'>physica</span> <span class='ocrx_word' id='word_1_128' title='bbox 716 2837 775 2898; x_wconf 88' lang='lat' dir='ltr'>aut</span> <span class='ocrx_word' id='word_1_129' title='bbox 811 2827 970 2922; x_wconf 85' lang='lat' dir='ltr'>psyobioa</span> <span class='ocrx_word' id='word_1_130' title='bbox 1007 2829 1162 2902; x_wconf 78' lang='lat' dir='ltr'>classium</span> 
     </span>
    </p>
   </div>
   <div class='ocr_carea' id='block_1_7' title="bbox 185 3190 1163 4255">
    <p class='ocr_par' dir='ltr' id='par_1_7' title="bbox 185 3190 1163 4061">
     <span class='ocr_line' id='line_1_22' title="bbox 190 3190 1163 3266; baseline 0.003 -21"><span class='ocrx_word' id='word_1_131' title='bbox 190 3193 339 3265; x_wconf 71' lang='lat' dir='ltr'>›setrijders</span> <span class='ocrx_word' id='word_1_132' title='bbox 369 3191 421 3246; x_wconf 85' lang='lat' dir='ltr'>der</span> <span class='ocrx_word' id='word_1_133' title='bbox 451 3190 607 3263; x_wconf 80' lang='lat' dir='ltr'>lijlstraffen</span> <span class='ocrx_word' id='word_1_134' title='bbox 640 3191 714 3246; x_wconf 79' lang='lat' dir='ltr'>zelve</span> <span class='ocrx_word' id='word_1_135' title='bbox 735 3197 862 3244; x_wconf 88' lang='lat' dir='ltr'>omtrent</span> <span class='ocrx_word' id='word_1_136' title='bbox 879 3191 1059 3266; x_wconf 78' lang='lat' dir='ltr'>misdadigere</span> <span class='ocrx_word' id='word_1_137' title='bbox 1078 3210 1163 3249; x_wconf 86' lang='lat' dir='ltr'>voor·</span> 
     </span>
     <span class='ocr_line' id='line_1_23' title="bbox 189 3277 1159 3353; baseline 0.002 -19"><span class='ocrx_word' id='word_1_138' title='bbox 189 3281 361 3352; x_wconf 73' lang='lat' dir='ltr'>oschriJven.</span> <span class='ocrx_word' id='word_1_139' title='bbox 400 3277 553 3338; x_wconf 78' lang='lat' dir='ltr'>Erbennen</span> <span class='ocrx_word' id='word_1_140' title='bbox 583 3284 615 3353; x_wconf 79' lang='lat' dir='ltr'>aij</span> <span class='ocrx_word' id='word_1_141' title='bbox 644 3299 685 3336; x_wconf 90' lang='lat' dir='ltr'>nu</span> <span class='ocrx_word' id='word_1_142' title='bbox 706 3281 740 3336; x_wconf 83' lang='lat' dir='ltr'>de</span> <span class='ocrx_word' id='word_1_143' title='bbox 761 3279 1019 3352; x_wconf 70' lang='lat' dir='ltr'>noodeakelijkheid</span> <span class='ocrx_word' id='word_1_144' title='bbox 1032 3300 1087 3336; x_wconf 80' lang='lat' dir='ltr'>ven</span> <span class='ocrx_word' id='word_1_145' title='bbox 1109 3282 1159 3338; x_wconf 82' lang='lat' dir='ltr'>dat</span> 
     </span>
     <span class='ocr_line' id='line_1_24' title="bbox 189 3370 1160 3446; baseline 0.004 -24"><span class='ocrx_word' id='word_1_146' title='bbox 189 3389 203 3423; x_wconf 82' lang='lat' dir='ltr'>n</span> <span class='ocrx_word' id='word_1_147' title='bbox 214 3372 338 3440; x_wconf 74' lang='lat' dir='ltr'>hinrico,</span> <span class='ocrx_word' id='word_1_148' title='bbox 355 3373 508 3442; x_wconf 80' lang='lat' dir='ltr'>somwijlen</span> <span class='ocrx_word' id='word_1_149' title='bbox 524 3382 584 3428; x_wconf 84' lang='lat' dir='ltr'>met</span> <span class='ocrx_word' id='word_1_150' title='bbox 599 3371 705 3446; x_wconf 79' lang='lat' dir='ltr'>geweld</span> <span class='ocrx_word' id='word_1_151' title='bbox 725 3387 907 3446; x_wconf 72' lang='lat' dir='ltr'>wegrunnan,</span> <span class='ocrx_word' id='word_1_152' title='bbox 925 3389 962 3426; x_wconf 88' lang='lat' dir='ltr'>en</span> <span class='ocrx_word' id='word_1_153' title='bbox 980 3389 1036 3426; x_wconf 84' lang='lat' dir='ltr'>van</span> <span class='ocrx_word' id='word_1_154' title='bbox 1049 3370 1098 3425; x_wconf 84' lang='lat' dir='ltr'>het</span> <span class='ocrx_word' id='word_1_155' title='bbox 1108 3390 1160 3445; x_wconf 87' lang='lat' dir='ltr'>op-</span> 
     </span>
     <span class='ocr_line' id='line_1_25' title="bbox 188 3457 1161 3530; baseline 0.003 -16"><span class='ocrx_word' id='word_1_156' title='bbox 188 3462 318 3516; x_wconf 85' lang='lat' dir='ltr'>usluiten</span> <span class='ocrx_word' id='word_1_157' title='bbox 334 3462 364 3516; x_wconf 92' lang='lat' dir='ltr'>in</span> <span class='ocrx_word' id='word_1_158' title='bbox 384 3460 513 3530; x_wconf 83' lang='lat' dir='ltr'>holrlren,</span> <span class='ocrx_word' id='word_1_159' title='bbox 532 3461 589 3516; x_wconf 87' lang='lat' dir='ltr'>dan</span> <span class='ocrx_word' id='word_1_160' title='bbox 605 3461 681 3516; x_wconf 83' lang='lat' dir='ltr'>heeft</span> <span class='ocrx_word' id='word_1_161' title='bbox 702 3460 795 3516; x_wconf 85' lang='lat' dir='ltr'>dunlrt</span> <span class='ocrx_word' id='word_1_162' title='bbox 813 3479 865 3515; x_wconf 89' lang='lat' dir='ltr'>ons</span> <span class='ocrx_word' id='word_1_163' title='bbox 886 3459 929 3515; x_wconf 88' lang='lat' dir='ltr'>die</span> <span class='ocrx_word' id='word_1_164' title='bbox 945 3457 1161 3517; x_wconf 86' lang='lat' dir='ltr'>menschenadel</span> 
     </span>
     <span class='ocr_line' id='line_1_26' title="bbox 189 3549 1160 3625; baseline 0.002 -21"><span class='ocrx_word' id='word_1_165' title='bbox 189 3571 203 3604; x_wconf 86' lang='lat' dir='ltr'>o</span> <span class='ocrx_word' id='word_1_166' title='bbox 214 3551 294 3606; x_wconf 87' lang='lat' dir='ltr'>reeds</span> <span class='ocrx_word' id='word_1_167' title='bbox 312 3551 423 3606; x_wconf 82' lang='lat' dir='ltr'>zooveel</span> <span class='ocrx_word' id='word_1_168' title='bbox 441 3570 496 3606; x_wconf 82' lang='lat' dir='ltr'>van</span> <span class='ocrx_word' id='word_1_169' title='bbox 515 3550 604 3606; x_wconf 87' lang='lat' dir='ltr'>heren</span> <span class='ocrx_word' id='word_1_170' title='bbox 621 3551 699 3625; x_wconf 76' lang='lat' dir='ltr'>glans</span> <span class='ocrx_word' id='word_1_171' title='bbox 716 3552 864 3620; x_wconf 87' lang='lat' dir='ltr'>verloren,</span> <span class='ocrx_word' id='word_1_172' title='bbox 882 3551 932 3606; x_wconf 83' lang='lat' dir='ltr'>dat</span> <span class='ocrx_word' id='word_1_173' title='bbox 941 3549 978 3621; x_wconf 92' lang='lat' dir='ltr'>bij</span> <span class='ocrx_word' id='word_1_174' title='bbox 991 3549 1033 3604; x_wconf 88' lang='lat' dir='ltr'>die</span> <span class='ocrx_word' id='word_1_175' title='bbox 1043 3549 1160 3622; x_wconf 84' lang='lat' dir='ltr'>dikwijls</span> 
     </span>
     <span class='ocr_line' id='line_1_27' title="bbox 189 3640 1159 3716; baseline 0.004 -22"><span class='ocrx_word' id='word_1_176' title='bbox 189 3659 204 3694; x_wconf 83' lang='lat' dir='ltr'>o</span> <span class='ocrx_word' id='word_1_177' title='bbox 214 3643 287 3696; x_wconf 73' lang='lat' dir='ltr'>vetor</span> <span class='ocrx_word' id='word_1_178' title='bbox 305 3660 373 3696; x_wconf 84' lang='lat' dir='ltr'>eene</span> <span class='ocrx_word' id='word_1_179' title='bbox 391 3641 600 3716; x_wconf 74' lang='lat' dir='ltr'>remordeeling</span> <span class='ocrx_word' id='word_1_180' title='bbox 612 3642 693 3697; x_wconf 86' lang='lat' dir='ltr'>reeds</span> <span class='ocrx_word' id='word_1_181' title='bbox 704 3640 1073 3716; x_wconf 74' lang='lat' dir='ltr'>ondergenevemedering‚</span> <span class='ocrx_word' id='word_1_182' title='bbox 1090 3659 1159 3698; x_wconf 82' lang='lat' dir='ltr'>eene</span> 
     </span>
     <span class='ocr_line' id='line_1_28' title="bbox 187 3731 1157 3806; baseline 0.006 -22"><span class='ocrx_word' id='word_1_183' title='bbox 187 3732 360 3806; x_wconf 78' lang='lat' dir='ltr'>egeesseling</span> <span class='ocrx_word' id='word_1_184' title='bbox 379 3733 440 3789; x_wconf 83' lang='lat' dir='ltr'>niet</span> <span class='ocrx_word' id='word_1_185' title='bbox 461 3733 521 3788; x_wconf 84' lang='lat' dir='ltr'>veel</span> <span class='ocrx_word' id='word_1_186' title='bbox 538 3750 616 3788; x_wconf 78' lang='lat' dir='ltr'>moer</span> <span class='ocrx_word' id='word_1_187' title='bbox 633 3733 805 3788; x_wconf 85' lang='lat' dir='ltr'>vernederen</span> <span class='ocrx_word' id='word_1_188' title='bbox 825 3731 883 3800; x_wconf 79' lang='lat' dir='ltr'>ael,</span> <span class='ocrx_word' id='word_1_189' title='bbox 901 3731 1157 3790; x_wconf 81' lang='lat' dir='ltr'>rooralnietwen-</span> 
     </span>
     <span class='ocr_line' id='line_1_29' title="bbox 186 3821 1153 3889; baseline 0.004 -14"><span class='ocrx_word' id='word_1_190' title='bbox 186 3841 278 3878; x_wconf 73' lang='lat' dir='ltr'>›sneer</span> <span class='ocrx_word' id='word_1_191' title='bbox 309 3823 417 3880; x_wconf 84' lang='lat' dir='ltr'>dezelve</span> <span class='ocrx_word' id='word_1_192' title='bbox 446 3821 580 3878; x_wconf 82' lang='lat' dir='ltr'>strelrken</span> <span class='ocrx_word' id='word_1_193' title='bbox 605 3821 662 3878; x_wconf 76' lang='lat' dir='ltr'>ken</span> <span class='ocrx_word' id='word_1_194' title='bbox 677 3841 726 3880; x_wconf 90' lang='lat' dir='ltr'>om</span> <span class='ocrx_word' id='word_1_195' title='bbox 744 3840 814 3878; x_wconf 85' lang='lat' dir='ltr'>voor</span> <span class='ocrx_word' id='word_1_196' title='bbox 832 3821 998 3889; x_wconf 73' lang='lat' dir='ltr'>telmon,</span> <span class='ocrx_word' id='word_1_197' title='bbox 1026 3821 1076 3876; x_wconf 84' lang='lat' dir='ltr'>det</span> <span class='ocrx_word' id='word_1_198' title='bbox 1093 3825 1153 3879; x_wconf 91' lang='lat' dir='ltr'>niet</span> 
     </span>
     <span class='ocr_line' id='line_1_30' title="bbox 185 3911 1158 3989; baseline 0.006 -25"><span class='ocrx_word' id='word_1_199' title='bbox 185 3931 200 3964; x_wconf 78' lang='lat' dir='ltr'>o</span> <span class='ocrx_word' id='word_1_200' title='bbox 213 3931 264 3968; x_wconf 85' lang='lat' dir='ltr'>een</span> <span class='ocrx_word' id='word_1_201' title='bbox 287 3924 402 3989; x_wconf 80' lang='lat' dir='ltr'>grooten·</span> <span class='ocrx_word' id='word_1_202' title='bbox 425 3913 499 3988; x_wconf 76' lang='lat' dir='ltr'>getal</span> <span class='ocrx_word' id='word_1_203' title='bbox 524 3912 677 3969; x_wconf 82' lang='lat' dir='ltr'>menschen</span> <span class='ocrx_word' id='word_1_204' title='bbox 693 3915 723 3968; x_wconf 91' lang='lat' dir='ltr'>in</span> <span class='ocrx_word' id='word_1_205' title='bbox 745 3912 795 3968; x_wconf 89' lang='lat' dir='ltr'>het</span> <span class='ocrx_word' id='word_1_206' title='bbox 814 3911 927 3985; x_wconf 80' lang='lat' dir='ltr'>vervolg</span> <span class='ocrx_word' id='word_1_207' title='bbox 944 3921 1021 3967; x_wconf 88' lang='lat' dir='ltr'>moet</span> <span class='ocrx_word' id='word_1_208' title='bbox 1041 3915 1158 3970; x_wconf 82' lang='lat' dir='ltr'>worden</span> 
     </span>
     <span class='ocr_line' id='line_1_31' title="bbox 186 4001 373 4061; baseline 0.011 -3"><span class='ocrx_word' id='word_1_209' title='bbox 186 4021 200 4054; x_wconf 82' lang='lat' dir='ltr'>o</span> <span class='ocrx_word' id='word_1_210' title='bbox 213 4001 373 4061; x_wconf 80' lang='lat' dir='ltr'>ontadeld.”</span> 
     </span>
    </p>

    <p class='ocr_par' dir='ltr' id='par_1_8' title="bbox 194 4089 1160 4255">
     <span class='ocr_line' id='line_1_32' title="bbox 227 4089 1160 4167; baseline -0.002 -19"><span class='ocrx_word' id='word_1_211' title='bbox 227 4092 270 4150; x_wconf 78' lang='lat' dir='ltr'>Os.</span> <span class='ocrx_word' id='word_1_212' title='bbox 309 4091 346 4150; x_wconf 85' lang='lat' dir='ltr'>Is</span> <span class='ocrx_word' id='word_1_213' title='bbox 372 4097 420 4149; x_wconf 77' lang='lat' dir='ltr'>bet</span> <span class='ocrx_word' id='word_1_214' title='bbox 448 4089 581 4167; x_wconf 76' lang='lat' dir='ltr'>Pens‘ylo.</span> <span class='ocrx_word' id='word_1_215' title='bbox 602 4092 637 4164; x_wconf 82' lang='lat' dir='ltr'>os</span> <span class='ocrx_word' id='word_1_216' title='bbox 650 4093 732 4162; x_wconf 49' lang='grc' dir='ltr'>καί(</span> <span class='ocrx_word' id='word_1_217' title='bbox 750 4094 842 4148; x_wconf 79' lang='lat' dir='ltr'>ander</span> <span class='ocrx_word' id='word_1_218' title='bbox 858 4109 919 4160; x_wconf 73' lang='lat' dir='ltr'>geo.</span> <span class='ocrx_word' id='word_1_219' title='bbox 938 4095 1037 4146; x_wconf 80' lang='lat' dir='ltr'>stelsel</span> <span class='ocrx_word' id='word_1_220' title='bbox 1054 4097 1160 4146; x_wconf 73' lang='lat' dir='ltr'>sunder</span> 
     </span>
     <span class='ocr_line' id='line_1_33' title="bbox 194 4169 1139 4255; baseline 0.001 -20"><span class='ocrx_word' id='word_1_221' title='bbox 194 4185 289 4255; x_wconf 63' lang='lat' dir='ltr'>lbjstr.</span> <span class='ocrx_word' id='word_1_222' title='bbox 311 4195 353 4240; x_wconf 80' lang='lat' dir='ltr'>ter</span> <span class='ocrx_word' id='word_1_223' title='bbox 373 4189 482 4242; x_wconf 81' lang='lat' dir='ltr'>beoord.</span> <span class='ocrx_word' id='word_1_224' title='bbox 503 4205 560 4240; x_wconf 81' lang='lat' dir='ltr'>vau</span> <span class='ocrx_word' id='word_1_225' title='bbox 578 4169 908 4254; x_wconf 73' lang='lat' dir='ltr'>assebrik.doelmatig?</span> <span class='ocrx_word' id='word_1_226' title='bbox 940 4181 1038 4240; x_wconf 69' lang='lat' dir='ltr'>Arent.</span> <span class='ocrx_word' id='word_1_227' title='bbox 1058 4177 1139 4238; x_wconf 73' lang='lat'>1844.</span> 
     </span>
    </p>
   </div>
   <div class='ocr_carea' id='block_1_8' title="bbox 0 0 1466 5024">
    <p class='ocr_par' dir='ltr' id='par_1_9' title="bbox 0 0 1466 5024">
     <span class='ocr_line' id='line_1_34' title="bbox 0 0 1466 5024; baseline 0 2"><span class='ocrx_word' id='word_1_228' title='bbox 0 0 1466 5024; x_wconf 95' lang='lat' dir='ltr'> </span> 
     </span>
    </p>
   </div>
  </div>
 </body>
</html>
