2926 5034
769 514 817 582 10

312 691 544 784 exceptionem
558 717 595 764 se
607 696 680 764 lore
693 695 829 787 regulae
842 695 1025 786 generalis,
1044 697 1276 768 tantummodo

311 815 440 876 tentant
466 817 630 899 quatenus
647 809 783 878 fortuna
800 807 847 878 eis
864 809 977 880 lavere
994 808 1092 890 velit,
1118 820 1152 880 et
1167 811 1278 880 incer·

310 920 419 990 titudo
457 943 516 991 eos
550 943 671 1014 parum
707 921 874 1000 deterret;
912 921 941 990 si
965 921 1006 990 iis
1033 931 1179 992 mortem
1203 947 1279 994 cer-

309 1033 471 1104 tissimam
509 1042 543 1102 et
567 1032 758 1125 proximam
783 1031 973 1124 significas,
1006 1057 1117 1129 neque
1141 1036 1278 1128 opifices

308 1169 420 1240 neque
456 1145 578 1216 milites
611 1146 767 1216 universe
792 1145 1031 1217 invenirentur.
1056 1189 1107 1202 —-
1156 1149 1277 1240 Neque

308 1259 455 1338 suicidae
493 1268 552 1330 aut
575 1269 759 1352 martyres,
795 1280 882 1351 quos
908 1259 1008 1330 en'am
1033 1261 1198 1343 afferunt,
1232 1261 1276 1330 il·

305 1373 365 1444 lud
402 1380 637 1465 argumentum
673 1371 807 1442 firmare
842 1380 1004 1463 possunt,
1051 1372 1177 1464 quippe
1216 1374 1275 1466 qui

307 1487 441 1578 saepius
479 1486 603 1554 luerint
640 1493 698 1554 aut
734 1493 846 1552 mente
885 1484 992 1574 capti,
1030 1495 1089 1555 aut
1121 1486 1273 1556 fanaticis

302 1597 576 1690 inspirationibus
609 1596 644 1666 in
674 1604 798 1664 statum
822 1598 1142 1686 praetematuralem
1168 1623 1273 1693 quum

302 1712 491 1792 venissent,
547 1731 589 1778 eo
627 1706 762 1779 adducti
801 1717 897 1790 sunt,
939 1717 977 1778 nt
1014 1721 1159 1782 mortem
1185 1735 1271 1784 con-

302 1831 500 1894 temnerent.
560 1821 737 1904 Quaerunt
774 1829 908 1891 autem:
959 1823 1049 1892 Num
1081 1847 1175 1894 mors
1209 1849 1272 1898 na-

302 1936 418 2009 turalis
460 1958 573 2029 poena
615 1935 696 2017 erit,
738 1934 774 2003 in
813 1956 881 2027 qua
914 1936 1114 2029 plerumque
1146 1938 1271 2008 nullam

303 2050 460 2143 agoniam
492 2049 671 2118 videmus?
713 2046 870 2116 Profecto
895 2069 976 2118 non.
1002 2093 1053 2106 --
1101 2051 1168 2120 Sed
1192 2051 1270 2121 uni-

299 2185 397 2232 verse
424 2159 630 2231 conscientia
654 2158 768 2251 quieta
791 2158 982 2230 moriuntur
1008 2163 1066 2254 qui
1086 2163 1190 2234 vitam
1207 2187 1270 2234 na-

298 2276 399 2348 turali
430 2275 535 2346 modo
565 2273 782 2364 relinquunt,
816 2273 1015 2365 plerumque
1042 2285 1075 2344 et
1098 2275 1269 2347 hominem

299 2390 476 2484 physicum
513 2397 547 2458 et
582 2385 778 2480 psychicum
817 2385 1022 2454 debilitatum
1055 2387 1268 2470 invenimus,

299 2503 393 2597 quod
425 2503 460 2571 in
498 2498 727 2568 condemnatis
761 2496 879 2566 ultimo
914 2496 1079 2587 supplicio
1112 2521 1182 2568 non
1212 2499 1267 2568 lo·

299 2639 376 2688 eum
408 2614 519 2686 habet.
578 2611 676 2680 Nunc
712 2618 888 2702 praeterea
921 2608 976 2678 alii
1008 2609 1042 2678 in
1073 2634 1144 2680 rem
1171 2635 1267 2684 suam

299 2728 453 2821 exempla
472 2724 702 2795 'malificorum
728 2723 892 2805 afferunt,
935 2722 994 2815 qui
1018 2725 1166 2797 maxima
1190 2749 1268 2796 cum

296 2840 517 2915 indifferentia
565 2838 719 2906 ultimum
770 2836 959 2927 supplicum
1006 2837 1168 2909 subierint
1209 2837 1267 2934 (1).

294 2955 407 3027 Verba
459 2948 648 3018 Cartouche
694 2955 728 3014 et
773 2946 892 3014 similia
937 2947 1101 3028 afferunt,
1160 3001 1183 3041 „
1217 2953 1267 3022 La

296 3121 318 3164 „
343 3072 435 3134 mort
458 3062 542 3131 n'est
568 3058 671 3152 qu'un
695 3057 846 3127 mauvais
874 3057 1158 3149 quart-d'heure.”
1198 3063 1266 3132 Sed

263 3177 409 3250 ·omnia
445 3175 529 3245 haec
564 3193 780 3264 nequaquam
813 3170 959 3264 probant
990 3171 1145 3244 ultimum
1179 3197 1264 3267 snp-

293 3291 431 3387 plicium
466 3288 507 3358 iis
545 3307 691 3380 poenam
715 3307 785 3353 non
810 3306 947 3375 gravem
972 3285 1086 3354 luisse.
1137 3287 1264 3358 Verum

294 3415 367 3487 est,
404 3405 602 3497 plerumque
623 3397 806 3468 'maleficos
839 3397 989 3468 famosos
1014 3399 1136 3494 majori
1161 3423 1262 3470 ener-

330 3669 378 3745 (l)
398 3667 431 3724 ll.
459 3667 640 3723 Lrvnrosror.
689 3661 818 3736 Rapport
846 3682 897 3718 sur
925 3664 950 3718 le
977 3665 1070 3738 projet
1099 3651 1168 3721 d'un
1192 3663 1261 3722 cod.

293 3759 361 3816 Pen.
380 3778 455 3833 pour
473 3760 501 3814 la
520 3755 668 3812 Louisiane
689 3751 773 3810 1825.
792 3775 821 3828 p.
831 3750 878 3810 79.
898 3752 1079 3814 -Journal
1098 3755 1262 3826 deRouen‚

293 3862 322 3908 et
340 3851 448 3907 elebata.
467 3845 506 3904 22
525 3846 603 3903 lout
624 3841 707 3902 1821.
756 3843 890 3900 courtier
907 3843 1041 3918 Franpais
1068 3843 1103 3902 13
1123 3844 1260 3904 Novemb.
1329 3833 1333 3842 ¹

293 3938 376 3998 1826.
415 3937 519 3998 Journ.
550 3940 584 3995 de
609 3935 717 3992 Morale
736 3933 912 3990 Chretienne.
944 3933 983 3990 11ο
1001 3932 1048 3991 28.
1087 3933 1192 3994 Journ.
1213 3939 1261 3994 des

290 4031 396 4089 liehats
416 4028 433 4086 5
452 4027 525 4089 Juin
548 4024 629 4084 1825.
678 4023 789 4082 Gazette
820 4027 868 4080 des
895 4023 1013 4080 Tribun.
1039 4024 1074 4081 21
1105 4037 1133 4081 et
1151 4025 1189 4082 26
1208 4025 1261 4084 lte-

290 4126 384 4193 mier‚
406 4117 440 4176 lt
452 4117 542 4189 Mars,
559 4114 654 4174 8-22
676 4112 891 4186 17-20lvm‚
912 4113 957 4170 17.
975 4113 1014 4171 23
1025 4113 1101 4189 Mai,
1117 4113 1156 4175 28
1168 4117 1262 4191 loon,

290 4213 309 4270 6
328 4212 489 4287 Septemb.,
508 4207 527 4266 l}
545 4206 702 4280 Nocens,
720 4201 759 4263 20
775 4205 928 4264 llecembre
950 4202 1031 4263 1826.
