2922 5024
771 449 841 516 110

581 630 667 700 Cum
725 629 926 700 indicatione
987 629 1054 700 loci
1115 627 1297 702 habitatio·

629 741 700 822 nis,
726 763 772 810 se.
824 743 1045 812 Gonrrnerro.

580 854 667 926 Cum
700 852 893 924 defensione
927 853 1072 924 adeundi
1104 863 1212 926 certas
1238 877 1295 923 re-

627 965 763 1060 giones,
790 987 836 1036 se.
882 967 1092 1038 Rneuaurro.

370 1083 408 1154 B.
459 1083 586 1151 Poenae
615 1080 791 1151 tenentem
815 1078 988 1172 afficientes
1014 1103 1195 1175 quaecum
1219 1103 1293 1156 ma·

322 1196 373 1286 qis
398 1201 549 1264 eoe'reent.

366 1303 535 1378 udueuo
560 1303 604 1376 ad
627 1303 741 1374 loeum
758 1300 968 1393 designatum
985 1301 1112 1386 exsilii,
1137 1323 1185 1373 se.
1218 1303 1294 1372 Du·

317 1439 505 1490 usurario.

369 1531 407 1601 G.
457 1531 585 1600 Poenae
623 1528 798 1596 libertatem
824 1526 994 1618 efficientes
1019 1550 1104 1619 qnae
1128 1549 1200 1598 eam
1221 1529 1293 1619 ple·

320 1643 452 1713 nissimo
477 1641 572 1709 medo
598 1645 750 1706 coereeat.

474 1751 738 1822 lncencltmlo.
791 1751 823 1818 1.
861 1746 984 1830 Quosn
1010 1769 1158 1822 nunus.

315 1925 500 1994 Pmm
568 1861 811 2171 {taedente
835 1883 940 1954 opere
966 1871 1098 1934 noento.

324 811 501 880 Exsurnu.

316 2039 343 2108 T
619 1975 689 2046 Aut
719 1991 790 2044 non
823 1973 1021 2059 amedeute,
1053 1974 1141 2047 intra
1170 1997 1289 2046 muros

345 2054 546 2132 mmm&
669 2095 727 2157 aut
751 2086 896 2179 publice.

608 2203 644 2270 2.
695 2199 819 2284 Quaen
843 2219 1000 2270 nomeu.

367 2321 399 2389 1.
450 2313 684 2386 lneareeratie
700 2312 910 2394 eommunis,
937 2309 1020 2404 (sine
1046 2311 1288 2408 separatione),

314 2457 392 2506 eum
417 2439 476 2503 aut
500 2430 571 2498 sine
596 2447 700 2518 opere
724 2425 812 2494 intra
835 2444 963 2492 muros.

241 2551 242 2564 ¹
364 2549 400 2614 2.
449 2536 672 2610 lneareeratio
710 2535 897 2604 eommunis
927 2545 1008 2606 eum'
1034 2557 1139 2628 opere
1169 2546 1288 2608 eoaeto

316 2654 463 2751 publico.
514 2654 658 2744 Beqnes,
684 2671 790 2743 opera
813 2647 969 2722 militaria
985 2649 1056 2722 sive
1071 2651 1288 2722 munimenta.

367 2773 402 2843 3.
452 2769 606 2861 Systema
629 2763 895 2834 Auhurnianum.

366 2885 402 2952 lt.
452 2881 606 2972 Systema
629 2873 872 2962 Virginianum.

368 3000 402 3066 t.
452 2993 607 3082 systema
629 2983 917 3076 Pensylvanieum.

367 3103 531 3191 Quaestio
563 3107 678 3169 utrum
711 3094 855 3165 societas
883 3093 960 3187 jure
985 3091 1173 3166 libertatem
1197 3095 1288 3167 indi-

315 3221 497 3293 viduorum
538 3221 696 3284 coercere
733 3207 865 3302 possit,
903 3206 975 3300 jam
1012 3207 1092 3278 satis
1129 3209 1287 3279 universe

316 3333 481 3407 elucidata
514 3337 583 3410 est,
617 3347 722 3420 quum
747 3323 789 3392 de
809 3319 941 3415 juribus
967 3319 1136 3393 societatis
1160 3321 1196 3393 in
1221 3346 1286 3416 ap-

315 3445 470 3542 plicanda
505 3462 618 3535 poena
647 3435 766 3506 mortis
801 3443 835 3502 et
872 3433 1041 3525 corporali
1066 3437 1214 3528 egimus3
1252 3444 1286 3506 et

314 3562 350 3631 in
383 3555 592 3652 generalibus
625 3571 690 3618 uos
716 3569 758 3616 eo
783 3545 958 3616 referimus
983 3569 1027 3617 ne
1052 3548 1176 3621 diutius
1205 3571 1285 3619 rno-

314 3693 439 3742 remur.
498 3663 601 3749 Quod
634 3669 747 3732 autem
781 3659 824 3730 ad
847 3669 981 3752 tempus
1008 3660 1203 3730 seclusionis
1231 3670 1285 3731 at·-

316 3783 418 3864 tiuet‚
444 3803 519 3852 eam
543 3775 696 3848 uidemus
722 3775 956 3856 Punnnnnnn,
982 3769 1287 3867 (Eeuwigdurendt

316 3891 520 3991 perpetuu),
546 3899 580 3960 et
604 3908 839 3958 ruunoneunu
864 3907 949 3954 esse.

363 4011 487 4102 Magna
518 3999 750 4075 controversia
782 4005 834 4068 est
867 3997 909 4067 de
942 4006 1095 4088 tempore
1121 3997 1285 4068 seclusio-

314 4127 385 4208 nis,
411 4131 445 4193 et
468 4116 564 4191 multi
580 4115 679 4210 plane
694 4111 889 4208 rejiciebant
905 4129 1136 4182 sncuusrorunr
1151 4129 1283 4183 nunnu-
