2922 5024
756 490 825 560 152

306 687 343 748 to
369 677 531 770 stigmatis
556 675 682 746 inustio
707 675 742 744 in
766 675 877 744 fronte
903 685 936 746 et
959 675 1085 759 bucca,
1110 677 1180 746 imo
1204 697 1284 747 mu-

306 791 414 860 tilatio
448 789 661 860 saeculorum
694 785 917 858 barbarorum
949 790 1078 882 optima
1110 790 1197 860 ratio
1223 791 1280 859 io·

307 912 370 973 ret.
420 903 596 994 lupatria
617 909 756 983 nostra,
790 902 911 971 linibus
937 903 1188 995 angustioribus
1214 903 1282 972 cir-

309 1016 534 1107 cumscripta,
571 1014 700 1084 facilior
733 1014 883 1106 cognitio
914 1027 973 1086 aut
1001 1016 1181 1108 prehensio
1206 1039 1282 1086 ma·

307 1127 480 1197 leficorum
532 1127 671 1196 minoris
708 1128 873 1196 momenti
910 1139 984 1212 est,
1031 1139 1064 1198 et
1104 1130 1170 1199 hoc
1207 1129 1281 1199 leve

308 1242 525 1310 commodum
570 1241 707 1310 minime
741 1261 961 1332 compensare
994 1250 1108 1334 potest
1143 1241 1279 1310 incom-

304 1353 408 1424 moda
440 1354 570 1447 majora
600 1377 687 1447 quae
713 1353 776 1424 hac
801 1377 913 1445 poena
936 1355 1188 1448 producuntur3
1223 1364 1282 1424 aut

306 1467 481 1559 quomodo
519 1467 667 1537 recidiva
705 1468 962 1558 cognoscimus,
1000 1491 1103 1563 quum
1141 1467 1282 1538 malefici

305 1587 403 1648 antea
429 1579 509 1648 alias
536 1601 664 1670 poenas
690 1579 883 1647 subierint?

354 1691 392 1758 ln
416 1692 621 1761 Hannovera
646 1701 680 1760 et
704 1693 829 1760 Parma
852 1713 922 1760 una
945 1712 1032 1760 voce
1055 1693 1211 1763 damnata
1228 1701 1280 1761 est

304 1811 337 1870 et
363 1801 510 1882 abolita;
548 1802 631 1873 haec
657 1827 770 1898 poena
793 1804 829 1874 in
854 1804 977 1874 Russia
1002 1827 1140 1898 quoque
1158 1805 1277 1874 decre-

303 1925 359 1997 to,
408 1915 463 1985 cui
496 1939 621 1986 nomen
661 1920 787 2000 Ulcae,
838 1917 880 1987 ab
914 1918 1128 1987 Anumunno
1165 1918 1276 1998 edito,

303 2049 392 2099 anno
429 2029 524 2100 1810
552 2029 675 2100 abolita
699 2030 772 2100 iuit.
823 2031 861 2098 ln
887 2029 1072 2110 Toscania,
1109 2031 1275 2100 Luoronn

302 2162 447 2233 poenam
490 2142 609 2211 mortis
657 2143 756 2214 simul
794 2165 871 2212 cum
907 2141 1077 2212 inustione
1115 2143 1278 2237 stigmatis

302 2253 489 2344 abrogavit.

351 2365 566 2462 Quamquam
598 2369 634 2438 in
668 2391 733 2438 usu
767 2368 829 2438 fuit
855 2367 946 2458 apud
972 2367 1115 2450 Gallos,
1145 2371 1217 2462 jam
1243 2370 1278 2438 in

301 2481 484 2563 concione,
524 2481 578 2550 cui
603 2503 727 2548 nomen
753 2481 929 2549 Assemttte
956 2481 1164 2550 constituente
1190 2503 1275 2549 con·

301 2591 457 2662 damnata
492 2600 565 2674 est,
599 2591 710 2662 verbis
744 2591 814 2660 his:
862 2591 1120 2681 „L’assemblee
1146 2593 1274 2670 consti-

300 2757 322 2796 „
348 2713 464 2776 tuante
490 2706 580 2778 avait
605 2705 781 2776 considere
805 2703 1030 2796 l’application
1057 2705 1098 2776 de
1123 2706 1156 2778 la
1180 2733 1273 2779 mor-

300 2871 323 2911 „
350 2844 411 2912 que
445 2840 576 2888 comme
610 2820 796 2898 immorclc,
831 2839 908 2886 sans
945 2841 1011 2910 que
1046 2819 1127 2890 dans
1162 2843 1270 2890 aucun

299 2984 321 3023 „
349 2951 403 2997 cas
448 2930 509 2997 elle
547 2927 661 3017 puisse
705 2931 775 2996 etro
817 2929 915 2997 d'une
952 2932 1056 3001 octtttt
1088 2935 1207 3011 reelle,·
1249 2956 1271 3026 y

300 3091 322 3131 ‚,
349 3041 467 3110 a-t-on
508 3039 586 3107 ltien
627 3038 762 3108 reflechr'
803 3039 989 3134 l’orsqu’on
1035 3067 1056 3113 a
1092 3047 1272 3115 ressuscita

299 3163 434 3245 „cette
472 3151 632 3223 ancienne
674 3151 830 3245 pratique
844 3153 869 3222 l''
923 3158 1012 3249 Conf.
1052 3155 1194 3229 Caenos
1229 3163 1274 3231 od

299 3271 416 3359 „Art
444 3267 484 3336 7.
510 3267 558 3336 Νο
584 3269 636 3348 ll,
663 3281 736 3336 tom.
761 3269 798 3349 Ι,
833 3291 868 3360 p.
896 3271 955 3339 98.

348 3381 549 3451 Praesertim
584 3379 625 3448 de
661 3378 802 3450 historia
834 3381 934 3475 hujus
968 3405 1100 3475 poenae
1126 3385 1271 3454 conferri

298 3505 468 3578 meretur,
494 3493 668 3584 Responsio
695 3493 860 3564 Caueuou
886 3496 1068 3566 Hnnuuuu
1094 3498 1270 3568 Gocumon

300 3611 345 3678 cd
374 3609 589 3701 quaestionem
618 3607 658 3676 ob
685 3607 799 3676 ordine
816 3605 966 3698 juridico
990 3612 1025 3678 in
1049 3615 1152 3682 Aaou
1182 3615 1270 3682 Gro-

236 3778 240 3788 .
298 3721 446 3810 alagona
467 3720 684 3810 propositum,
720 3743 807 3789 occo
832 3721 922 3792 t825
944 3717 1013 3815 (1),
1056 3731 1091 3792 et
1114 3723 1272 3794 Nalczin-

335 4011 383 4089 (l)
412 4011 578 4090 Quaeritur:
608 4017 760 4090 disputatio
792 4014 826 4070 de
855 4033 946 4089 poena
975 4017 1128 4090 stigmatis,
1156 4017 1190 4072 de
1210 4019 1269 4074 eius

296 4107 400 4180 origine
430 4114 513 4178 atque
542 4124 596 4160 usu
621 4107 697 4179 apud
715 4108 837 4162 diversos
855 4106 997 4180 populos,
1026 4106 1115 4178 deque
1135 4109 1193 4164 eius
1211 4127 1271 4167 me·

294 4198 355 4252 ritis
374 4198 527 4254 secundnm
548 4198 713 4272 praecipuos
731 4197 801 4270 juris
819 4195 970 4254 criminalis
989 4197 1147 4272 scriptores.

1441 1121 1442 1138 t

1440 1719 1442 1736 t

1441 2239 1442 2254 l

1441 2273 1442 2298 l

1438 2837 1442 2858 t

1312 2903 1319 2913 l

1441 3399 1442 3416 t

1441 3907 1442 3922 l

1441 3967 1442 3978 l
