2926 5034
788 501 835 568 30

321 679 613 754 commiseratione
647 679 788 772 dignus,
823 681 857 750 iu
887 682 985 772 praxi
1012 689 1123 752 tamen
1147 682 1293 774 punien-

321 803 383 874 dus
418 806 479 867 est.
539 793 574 862 si
607 793 869 884 praedestinatio
903 794 934 862 ei
967 793 1107 866 erimina
1134 796 1292 888 impone-

318 916 394 994 bat,
426 907 525 980 simul
550 905 651 976 etiam
676 927 803 996 poenas
828 904 1000 996 imposuit.

368 1029 407 1094 lu
440 1043 563 1110 casule
588 1017 788 1108 plerumque
813 1024 847 1086 et
871 1027 962 1088 reete
988 1017 1124 1111 quidem
1150 1040 1294 1088 excusa-

318 1139 427 1208 tiones
462 1133 510 1204 sic
541 1128 668 1211 diotae,
719 1130 950 1200 eireonstonees
976 1145 1195 1210 attenuantes,
1229 1130 1293 1202 ad-

317 1247 481 1320 hibendae
508 1251 596 1314 suut.
646 1241 809 1312 Homines
834 1241 1050 1313 inveniuntur
1076 1263 1222 1334 quorum
1238 1242 1293 1311 la-

319 1362 458 1432 cultates
501 1353 740 1426 intellectuales
774 1363 895 1426 natura
928 1362 998 1426 tam
1033 1353 1157 1422 debiles
1192 1361 1295 1433 sunt,

317 1483 357 1544 ut
390 1469 540 1564 aequitas
574 1487 645 1535 non
678 1467 783 1548 sinat,
818 1467 974 1536 omuibus
1000 1467 1035 1538 in
1061 1465 1193 1536 casibus
1220 1466 1296 1558 ple-

318 1607 398 1654 nam
438 1580 571 1670 erdpam
613 1576 752 1646 aetionis
789 1577 830 1646 iis
863 1578 1031 1668 imputare
1063 1587 1102 1648 ut
1134 1578 1297 1672 reliquis;

320 1695 362 1766 ab
397 1692 502 1766 altera
531 1697 627 1780 parte
651 1688 798 1760 humana
823 1689 954 1760 ratione
979 1713 1049 1760 uon
1074 1691 1122 1762 ita
1148 1691 1298 1762 destituti

321 1814 419 1886 sunt,
443 1811 482 1872 ut
507 1823 564 1872 eas
591 1823 668 1870 eum
692 1800 800 1870 brutis
826 1801 996 1893 possimus
1018 1826 1183 1897 aequare,
1209 1825 1298 1896 quo-

321 1941 399 1988 rum
423 1916 458 1986 in
484 1935 565 1984 casu
590 1938 613 1984 o
636 1915 843 1984 mentionem
867 1914 1018 1984 ferimus.
1090 1967 1096 1976 .

371 2033 485 2102 llomo
520 2037 572 2096 est
604 2025 727 2096 animal
752 2025 874 2116 partim
900 2026 1054 2098 sensuale
1078 2027 1202 2119 partim
1222 2047 1299 2096 mo·

323 2144 417 2224 rale,
459 2149 493 2210 et
534 2138 625 2230 apud
663 2137 739 2206 illos
782 2137 824 2206 de
866 2137 990 2232 quihus
1023 2163 1114 2210 nuno
1146 2138 1300 2230 agimus,

323 2254 418 2347 prius
453 2253 524 2322 sinc
558 2250 657 2342 culpa
691 2271 812 2318 eorum
844 2250 979 2320 eminet.
1030 2253 1095 2322 Per
1128 2274 1165 2320 se
1189 2250 1302 2322 libidi-

325 2389 385 2438 ues
420 2364 590 2437 sensuales
626 2362 860 2442 dominantur,
899 2363 1060 2453 quoniam
1092 2362 1196 2432 homo
1222 2384 1302 2430 mo-

325 2478 405 2550 ralis
430 2477 556 2546 hocin
581 2497 661 2543 casu
686 2475 796 2541 minus
821 2471 917 2540 facile
936 2472 1053 2564 ,excoli
1077 2481 1210 2563 potest,
1239 2497 1305 2556 pec

324 2588 504 2680 imperium
533 2584 586 2654 sui
611 2583 811 2677 requisitum
837 2583 1028 2676 acquirere,
1063 2593 1102 2654 ut
1126 2585 1160 2656 vi
1185 2594 1219 2654 et
1243 2587 1303 2654 fir-

324 2700 441 2770 mitate
474 2695 614 2779 morali,
649 2718 736 2789 quae
762 2695 961 2766 educatione
988 2704 1087 2767 aucta
1112 2706 1182 2779 est,
1217 2721 1302 2768 cou-

325 2793 516 2906 sequentias
553 2808 694 2889 noxias,
732 2808 767 2878 iu
806 2809 966 2882 societate
1000 2819 1113 2880 autem
1146 2809 1303 2880 crimina·

324 2926 401 3004 les,
445 2918 637 2992 lihidinibus
681 2918 888 2988 naturalibus
925 2922 1129 3011 productaS,
1176 2923 1303 2994 evitare

324 3040 452 3125 posset.
620 3095 624 3106 ,

374 3143 517 3235 Reliqua
542 3147 740 3230 argumenta
764 3139 951 3210 minoribus
978 3139 1225 3212 difficultatibus
1244 3165 1306 3215 an-

328 3279 401 3328 sam
434 3253 616 3348 praebent;
650 3275 696 3322 so.
731 3255 819 3346 qood
850 3253 994 3322 conscias
1021 3254 1110 3322 dedet
1133 3277 1198 3324 esse
1223 3256 1305 3324 oeti-

329 3393 422 3442 onem
455 3391 549 3438 snorn
576 3389 702 3456 poenae
735 3365 911 3436 obnoceione
944 3388 1026 3447 esse,
1041 3383 1043 3388 ·
1061 3374 1095 3434 et
1129 3367 1211 3436 ontio
1237 3368 1304 3435 illi-

329 3485 415 3564 erlo,
442 3505 463 3552 α
488 3481 686 3571 delinquente
711 3480 803 3569 ipso,
842 3491 899 3547 ant
923 3478 1125 3570 instipotc‘one
1151 3478 1218 3574 ejus
1238 3503 1301 3572 pro

324 3611 420 3687 porte
446 3607 504 3665 ont
527 3605 593 3660 toto
618 3592 706 3658 dedet
724 3594 868 3682 perfeeto
892 3613 976 3670 essa·
1006 3599 1068 3660 cet.

379 3709 416 3776 lu
453 3702 560 3796 priori
593 3722 674 3770 casu
708 3700 957 3784 observandum
991 3712 1064 3786 est,
1102 3701 1236 3794 plenam
1270 3712 1304 3772 et

274 3839 276 3844 ·
329 3839 482 3888 severam
519 3812 777 3906 applicationem
813 3835 944 3904 poenae
983 3815 1117 3908 saepius
1153 3816 1304 3906 excepti-

328 3952 412 4000 ones
450 3926 647 4020 postulare,
684 3947 763 3994 nam
800 3925 916 3994 stricta
953 3927 1132 4018 applicatio
1170 3950 1302 4020 poenae

328 4043 395 4114 hoe
423 4042 459 4112 in
485 4061 584 4121 casu,
617 4059 872 4130 nonnumquam
896 4038 1006 4109 miuus
1032 4038 1193 4130 aequitati
1218 4061 1302 4108 oon-

330 4165 489 4230 seutanea
522 4160 583 4222 est.
635 4153 673 4220 lu
706 4149 862 4234 omuibus
895 4147 1087 4218 hominibus
1112 4149 1300 4222 invenimus
