2922 5024
642 529 688 598 89

173 715 314 785 monstri
349 711 518 804 Caligulae
553 713 708 782 effectum
737 711 899 782 haberent
925 711 987 784 hac
1013 735 1144 803 poena,

173 879 195 919 ‚‚
221 829 290 898 Fae
314 843 351 896 ot
375 827 513 896 sentient
536 850 568 896 se
593 825 707 896 mori.’'

222 941 348 1010 Tamen
382 948 580 1029 argumenta
613 947 731 1008 contra
765 937 963 1008 sententiam
990 939 1145 1008 Somnic-

174 1053 273 1144 ringii
298 1053 515 1143 proferuntur
540 1051 732 1142 sequentia:

223 1167 424 1258 Plerumque
454 1163 710 1254 haemorrhagia
735 1164 846 1254 gravis
874 1173 907 1232 et
932 1163 1043 1234 subita
1069 1185 1145 1231 om-

172 1301 249 1347 nem
287 1277 525 1346 conscientiam
559 1277 665 1345 tollet.
729 1276 871 1367 Sanguis
903 1285 955 1344 est
988 1275 1142 1344 stimulus

171 1391 332 1460 naturalis
369 1389 521 1458 omnium
554 1411 761 1480 organorum
797 1389 950 1480 corporis
984 1387 1144 1468 humani,

174 1512 209 1572 et
241 1503 393 1571 videmus
426 1500 598 1570 facultates
634 1522 839 1591 organorum
870 1500 1062 1570 imminutas
1088 1509 1146 1569 aut

174 1616 273 1708 plane
308 1615 477 1695 sublatas,
520 1637 625 1705 quum
650 1612 704 1682 hic
730 1601 968 1682 stimulus'aut
992 1621 1146 1706 practer-

174 1726 317 1798 naturali
365 1724 469 1794 modo
511 1725 719 1794 imminuitur
756 1734 814 1794 aut
851 1725 949 1794 nimis
992 1733 1145 1817 augetur.

175 1841 238 1910 Hic
263 1837 461 1930 praesertim
486 1836 600 1905 locum
624 1835 724 1904 habet
748 1836 783 1904 in
809 1837 968 1917 cerebro,
995 1837 1074 1906 sede
1090 1836 1146 1906 vi-

172 1962 227 2024 tae
259 1947 455 2042 psychicac;
493 1949 580 2016 conf.
617 1948 658 2016 de
693 1947 828 2016 stimulo
856 1949 1027 2039 sanguinis
1054 1959 1146 2017 arte-

171 2065 254 2134 riosi
279 2065 313 2132 in
340 2045 497 2130 cerebro:
529 2061 812 2151 Urttersncftonpcn
829 2063 908 2130 oller
926 2064 985 2131 dos
1006 2063 1147 2140 Gelciro,

170 2181 229 2248 dos
263 2174 492 2245 ncctcomart
528 2176 599 2242 ond
631 2175 682 2242 die
719 2175 900 2263 Gccplicn,
943 2198 1005 2243 oon
1038 2174 1146 2242 Jnuss

172 2291 290 2358 Srann
335 2288 370 2355 in
411 2285 606 2374 Editnborp.
676 2285 871 2386 Recensetor
912 2287 948 2354 io
990 2287 1149 2356 Schmidts

170 2403 285 2474 latro.
320 2409 357 2468 o⁰
398 2398 481 2466 VIII
509 2399 527 2465 f
556 2399 619 2489 tofi
644 2397 750 2476 f8f5,
778 2420 815 2488 p.
840 2397 880 2464 ff
906 2420 952 2489 sq.
1003 2397 1146 2488 Sanguis

147 2524 227 2584 est
261 2511 413 2582 stimulus
449 2509 589 2579 actionis
627 2508 824 2591 cerebralis,
859 2509 1066 2578 influentiam
1092 2509 1146 2578 di·

175 2635 302 2696 rectam
327 2631 462 2692 exercet
486 2622 521 2690 in
546 2622 817 2713 perceptionem,
850 2620 1147 2712 imaginationem,

172 2737 355 2832 judicium,
390 2743 424 2802 et
455 2733 556 2802 etiam
580 2733 616 2800 in
640 2733 831 2802 facultatem
856 2733 984 2804 homini
1008 2736 1150 2805 forsitan

179 2846 350 2918 exclusive
398 2845 591 2937 propriam,
643 2867 765 2936 nempe
816 2847 1040 2916 conscientiam
1087 2847 1148 2918 soi.

179 2962 294 3044 Quum
327 2959 480 3028 stimulus
514 2957 569 3026 hic
594 2956 705 3026 subito
732 2957 918 3040 evanescit,
953 2957 1003 3027 vis
1029 2957 1149 3029 harum

179 3074 374 3146 facultatum
416 3094 523 3165 aeque
564 3070 703 3140 tollitur.
768 3073 814 3140 Et
856 3072 1030 3164 quomodo
1067 3071 1151 3142 hae-

182 3185 408 3278 morrhagiam
438 3183 636 3254 validiorem
670 3183 920 3252 institueremus
952 3206 1053 3274 quam
1089 3184 1151 3252 de·

166 3299 405 3391 capitatione?
439 3300 484 3368 Et
509 3319 551 3364 nc
576 3304 646 3363 tam
670 3295 782 3386 gravis
808 3294 945 3387 quidem
968 3295 1153 3384 requiritur

180 3409 438 3501 haemorrhagia
470 3419 509 3477 ut
542 3407 745 3477 conscicntia
780 3407 832 3477 sui
865 3407 965 3499 plane
996 3407 1152 3490 tollatur,

180 3546 259 3592 nam
301 3521 491 3592 aucurisma
531 3530 631 3612 rupta
665 3529 723 3591 aut
755 3521 895 3592 uulnera
929 3520 1062 3594 diversa
1093 3520 1153 3592 ubi

180 3635 437 3726 haemorrhagia
481 3655 551 3702 non
593 3655 699 3726 aeque
737 3634 849 3725 gravis
882 3633 996 3704 locum
1032 3633 1152 3717 hahet,

183 3749 284 3818 etiam
315 3748 514 3840 plerumque
544 3745 783 3816 conscientiam
809 3746 920 3816 subito
946 3748 1078 3819 tollunt.
1103 3793 1153 3804 --

179 3863 223 3934 Et
243 3882 426 3955 ponamuS,
450 3859 607 3952 ambages
629 3880 826 3929 numerosas
848 3881 1008 3930 vasorum
1026 3861 1154 3932 cerebri

180 3974 288 4045 adhuc
323 3973 542 4044 sufficientem
572 3973 791 4068 quantitatem
823 3972 992 4062 sanguinis
1027 3975 1153 4043 retine-

177 4111 246 4168 re,
265 4098 304 4158 ut
333 4087 507 4157 stimulum
540 4086 685 4180 aliquem
720 4085 923 4177 aliquamdiu
958 4095 1149 4166 exerceret,

178 4221 246 4268 non
287 4200 454 4270 sufficeret
496 4200 649 4290 profecto
684 4207 722 4268 ut
754 4196 927 4268 facultates
963 4195 1148 4266 cerebrales
