2922 5024
657 525 720 590 101

197 722 241 770 na
264 700 453 791 producere
478 701 684 791 poterimus,
715 713 804 773 certe
831 701 948 772 melius
975 713 1084 786 esset,
1110 702 1175 774 sed

197 835 381 906 numquam
413 813 467 883 hic
501 837 624 907 scopus
658 815 850 908 principahs
883 837 1171 906 poenarnmesse

202 925 312 996 dehet.

248 1038 404 1132 Ohjectio
439 1038 653 1130 gravissima·
670 1049 703 1110 et
737 1037 928 1131 principalis
956 1051 1076 1110 contra
1100 1041 1173 1109 ius-

200 1150 396 1242 tigationem
429 1151 598 1242 publicam
633 1161 702 1222 est:
740 1151 833 1244 qu'od
858 1172 977 1220 seusus
1005 1151 1174 1243 dignitatis

196 1263 362 1335 humanae
397 1286 468 1334 non
492 1273 622 1333 tantum
648 1264 850 1356 gravissimo
875 1263 980 1332 modo
1005 1263 1172 1345 laeditur,

199 1375 259 1444 sed
294 1376 387 1468 qnod
421 1399 496 1444 eam
530 1398 631 1467 saepe
668 1376 766 1466 plane
791 1374 979 1466 extinguit,
1014 1385 1048 1444 et
1074 1376 1173 1446 simul
1295 1390 1297 1395 ’

199 1485 292 1556 omni
325 1486 586 1558 amelioraticnis
611 1488 748 1558 moralis
775 1487 948 1580 cupiditati
973 1487 1062 1560 viam
1079 1487 1173 1558 clan-
1272 1550 1276 1555 .

202 1598 259 1668 dit.

259 1711 358 1782 Certe
406 1711 435 1782 si
481 1721 635 1784 accurate
681 1697 809 1804 poenas
856 1713 1050 1805 corporales
1091 1737 1173 1807 per-

202 1832 415 1905 scrutamur,
449 1833 483 1892 ct
507 1824 705 1915 praesertim
730 1824 1000 1916 instigationem,
1035 1849 1109 1896 eam
1135 1836 1174 1896 ut

199 1960 345 2029 poenam
366 1936 559 2029 psychicam
577 1944 610 2004 et
626 1935 799 2028 physicam
817 1935 1030 2006 considerare
1047 1959 1173 2028 possu-

200 2071 287 2118 mus.
326 2048 528 2119 Praesertim
551 2047 636 2117 hanc
661 2069 808 2140 poenam
834 2047 935 2119 ctiam
952 2071 971 2116 e
989 2059 1173 2140 conspectu

202 2159 362 2252 psychice
405 2160 617 2229 considerare
651 2161 835 2242 dehemus,
884 2159 963 2251 quia
997 2161 1172 2254 castigatio

203 2271 388 2364 corporalis
420 2269 554 2362 publica
585 2270 800 2352 verberibus,
834 2271 991 2340 universe
1026 2275 1171 2366 dignita-

203 2393 272 2454 tem
303 2383 450 2454 hominis
483 2382 664 2474 valdopcre
689 2383 821 2453 laedere
846 2381 1002 2464 videtur,
1041 2395 1075 2454 et
1099 2409 1173 2456 eam

203 2519 272 2566 non
297 2495 362 2566 nisi
385 2494 481 2564 inviti
504 2494 540 2564 in
565 2495 719 2565 animalia
742 2495 842 2566 hrnta
866 2494 1073 2567 adhibemus.

250 2609 319 2678 Sed
352 2631 457 2702 quum
489 2607 552 2676 rite
587 2618 620 2676 et
643 2608 792 2698 practico
817 2607 922 2677 modo
949 2632 1022 2679 rem
1049 2611 1173 2705 dijudi-

206 2744 284 2792 care
318 2720 499 2800 volumus,
534 2728 606 2788 tum
638 2741 823 2811 numquam
855 2719 939 2790 haec
964 2743 983 2788 e
1009 2723 1176 2794 conditio-

204 2857 248 2904 ne
289 2831 410 2904 mcrali
446 2831 481 2900 in
518 2854 586 2924 qua
618 2853 792 2902 versamur
826 2831 1070 2904 consideranda
1103 2845 1174 2916 est,

206 2946 267 3018 sed
290 2945 448 3016 universe
472 2965 536 3012 nos
563 2965 709 3036 aequare
735 2943 894 3012 dehemus
920 2943 984 3027 iis,
1028 2969 1174 3040 quornm
1210 3017 1212 3024 ,
1291 3033 1295 3042 .

202 3061 238 3130 in
272 3079 338 3128 usu
378 3056 578 3126 creberrime
612 3055 810 3126 versabitur.
869 3056 991 3126 Laesio
1027 3067 1086 3128 aut
1111 3083 1174 3143 exf

205 3171 321 3241 tinctio
357 3169 525 3262 dignitatis
562 3191 703 3250 sensus,
739 3192 825 3260 quac
859 3179 897 3238 nt
922 3169 1175 3244 incommodum

206 3285 445 3356 adnumeratur
478 3303 610 3372 poenae
637 3279 886 3372 instigationis,
922 3280 957 3348 in
982 3283 1052 3352 vita
1076 3305 1176 3373 prac-

206 3397 274 3466 tica
303 3403 393 3464 certe
423 3393 562 3461 minoris
588 3393 751 3461 momenti
776 3391 862 3471 erit,
898 3413 999 3484 qnam
1026 3417 1046 3464 a
1070 3393 1176 3485 priori

195 3507 350 3577 videtur.
402 3507 526 3575 Sensus
566 3503 745 3596 dignitatus
778 3503 1009 3574 maleficorum
1039 3505 1097 3599 qni
1123 3529 1178 3576 se-

139 3699 151 3708 ,
208 3619 355 3692 cundum
387 3617 477 3712 leges
512 3627 645 3688 nostras
672 3618 714 3688 ad
739 3616 991 3710 instigationem
1016 3617 1178 3692 condem-

206 3743 348 3814 nantur,
386 3731 487 3800 chent
525 3733 715 3824 pleramque
758 3745 803 3800 cst
841 3731 949 3822 fictio,
988 3755 1090 3825 quem
1121 3733 1178 3802 lu-

207 3845 326 3916 benter
359 3843 393 3913 in
426 3841 467 3911 iis
503 3865 695 3934 supponere
729 3842 907 3924 volumus,
946 3843 1006 3912 sed
1038 3844 1096 3938 qni
1120 3837 1178 3915 ra-

206 3958 338 4027 rissime
370 3963 428 4026 aut
460 3977 644 4050 numquam
676 3963 795 4026 exstat.
853 3955 963 4024 Metus
989 3953 1180 4026 influentiae

208 4071 354 4140 noxivac
400 4067 499 4162 hujus
550 4066 686 4138 effectus
724 4067 885 4150 moralis,
931 4069 1078 4140 maxima
1113 4091 1178 4160 pro

211 4191 306 4272 parte
344 4189 543 4262 evanescet,
583 4203 688 4274 quum
720 4180 906 4272 reperimus
932 4181 1021 4252 hunc
1046 4199 1182 4249 sensum
