2926 5034
754 506 802 572 70

290 683 468 754 deducunt.
518 683 760 774 Experimento
784 683 927 756 aliorum
952 683 1092 765 docent,
1117 692 1262 752 mortem

290 793 426 865 minime
468 793 676 868 subitaneam
718 819 792 866 esse
831 796 1069 870 constrictione
1102 819 1262 868 vasorum

289 930 539 1004 nervorumque
577 909 789 1002 productam.
852 910 926 980 Van
961 886 1121 980 Svlrnrnn
1146 931 1262 980 canem

289 1021 458 1092 viventem
495 1022 673 1104 observat,
711 1022 766 1094 cui
804 1031 881 1092 ante
918 1025 962 1092 12
998 1021 1067 1092 dies
1100 1023 1263 1116 ligaverat

288 1134 427 1207 arterias
461 1135 648 1216 carotides,
687 1135 747 1222 sed
785 1144 863 1205 ante
889 1135 913 1202 l
938 1136 1174 1206 tantummodo
1200 1157 1262 1202 ve·
1312 1207 1319 1216 ,
1450 1155 1458 1186 ⁴

284 1269 345 1316 nas
375 1247 571 1339 jugulares;
613 1258 770 1330 mortuo,
812 1247 894 1318 nihil
926 1246 961 1316 in
996 1247 1110 1316 cranio
1141 1253 1261 1337 aperto

285 1360 485 1452 reperiebat.
536 1361 610 1432 Vsu
628 1362 807 1442 Sursum,
835 1385 914 1431 eom.
934 1363 985 1431 cit.
1003 1375 1076 1430 tem.
1093 1361 1111 1428 t
1123 1383 1159 1450 p.
1176 1361 1261 1432 266.

334 1472 400 1544 Alii
433 1481 514 1564 post
541 1473 721 1562 ligaturam
746 1496 909 1544 venamm
930 1472 1156 1566 jugularium,
1190 1457 1262 1540 sine

286 1583 354 1654 ulla
387 1583 640 1674 compressione
674 1585 881 1665 carotidum‚
921 1585 1012 1655 nulla
1038 1592 1265 1676 symptomata

287 1694 511 1786 apoplexiae,
545 1717 609 1764 uec
643 1697 841 1766 effusionem
874 1705 933 1765 aut
963 1697 1264 1767 accumulationem

289 1805 441 1876 humoris
488 1806 523 1876 in
561 1808 701 1878 cerebro
739 1808 963 1880 inveniebant.
1027 1811 1072 1902 Os.
1099 1809 1266 1888 Novnsu,

290 1921 445 2012 ceperim.
472 1944 494 1991 a
517 1921 703 2012 Morpopno
723 1946 820 2014 prop.
847 1925 886 1990 de
911 1924 977 1992 sed.
1004 1939 1032 1992 et
1057 1946 1146 1992 cous.
1163 1922 1265 1990 morl.

292 2047 355 2102 ert.
393 2033 455 2106 52.
524 2034 773 2125 Experimentis
808 2034 953 2104 aliorum
986 2045 1079 2127 patet
1120 2043 1263 2104 mortem

291 2143 432 2214 celerius
466 2144 562 2236 sequi
586 2154 666 2237 post
689 2147 868 2238 ligaturam
891 2169 1075 2217 nervorum
1100 2166 1266 2238 vagorum

292 2265 326 2325 et
349 2255 633 2340 intercostalium,
660 2281 763 2352 quam
788 2267 868 2350 post
891 2259 1070 2352 ligaturam
1095 2279 1266 2329 vasorum.

295 2369 344 2461 Cf.
369 2369 600 2452 Monoleum,
633 2372 719 2461 epist.
746 2387 833 2441 aaut.
862 2373 956 2440 XIII.
977 2395 1014 2461 p.
1040 2369 1123 2439 507.
1173 2371 1267 2438 Han-

294 2502 381 2562 nuu,
406 2506 494 2571 oper.
520 2483 598 2550 min.
625 2497 699 2550 tom.
725 2484 754 2552 I.
776 2505 858 2572 pars
882 2483 921 2550 II
943 2483 1024 2551 Seet.
1057 2483 1145 2550 VIII.
1168 2503 1267 2571 eape-

291 2592 356 2662 rim
380 2592 524 2661 lot—5.
574 2595 667 2662 Dect.
688 2593 719 2662 J.
744 2594 784 2664 A.
809 2593 945 2674 Bucar,
977 2595 1050 2664 dias.
1072 2594 1185 2684 inaug.
1204 2594 1266 2662 sis-
1390 2583 1395 2593 ’

293 2719 360 2774 tens
385 2707 539 2798 ceperim.
561 2706 648 2777 circo
671 2707 725 2798 lip.
752 2731 841 2777 aero.
891 2707 1034 2778 inrum
1063 2708 1151 2776 elem.
1172 2708 1265 2799 pleps.

294 2833 367 2890 tom.
393 2819 510 2910 lpap.
541 2817 700 2892 tea-a

343 2933 381 2998 ln
424 2930 645 3019 suspensione
686 2938 798 2998 tamen
841 2952 974 3021 semper
1019 2931 1133 3021 potius
1172 2953 1268 3000 com-

294 3041 425 3135 pressio
464 3061 624 3110 vasorum
663 3045 764 3132 quam
798 3063 981 3110 nervorum
1014 3041 1171 3110 universe
1206 3043 1267 3111 ad-

294 3151 458 3223 mittenda
482 3162 552 3235 est,
579 3161 613 3222 et
635 3175 849 3248 nequaqnam
875 3176 918 3222 er
944 3153 1181 3244 experimentis
1206 3177 1267 3223 su-

295 3291 359 3362 pra
397 3266 592 3338 memoratis
631 3275 865 3357 argumentum
898 3265 978 3335 satis
1012 3266 1145 3336 firmum
1179 3267 1267 3338 acei-

296 3404 379 3473 pere
417 3381 594 3462 auderem,
636 3379 670 3448 in
703 3377 839 3446 homine
872 3374 1147 3471 (temperamenta
1180 3379 1268 3450 enim

299 3495 453 3576 diversa,
495 3493 562 3562 hoc
594 3499 751 3581 respectu
785 3491 938 3562 ellectum
969 3493 1138 3564 diversum
1163 3493 1268 3564 halte-

298 3604 392 3698 bunt)
405 3655 416 3688 ,
458 3604 549 3672 nulla
590 3611 817 3693 symptomata
855 3605 1051 3697 congestiva
1087 3616 1145 3678 aut
1182 3627 1269 3697 apo-

298 3717 440 3809 pleetica
474 3713 574 3795 oriri,
608 3721 687 3806 post
719 3713 897 3806 ligaturam
921 3740 1083 3789 venarum
1105 3717 1270 3812 jugulari-

299 3851 359 3898 um
393 3851 497 3921 quum
523 3827 622 3900 etiam
649 3826 815 3898 carotidas
841 3851 910 3898 uon
937 3830 1271 3922 constringebantur,

301 3949 335 4012 et
367 3963 436 4010 non
469 3940 639 4032 intellige,
681 3940 775 4033 quod
808 3949 920 4010 tamen
952 3942 1104 4012 nonnulli
1130 3941 1271 4022 volunt,

301 4053 476 4149 quomodo
510 4075 616 4124 venae
648 4052 852 4124 vertebrales
886 4053 1120 4125 deductionem
1146 4054 1270 4126 suffici-

303 4177 414 4240 entem
447 4165 616 4258 sanguinis
642 4167 773 4262 ellicepe
799 4175 959 4258 possunt;
998 4188 1103 4260 quum
1129 4175 1269 4248 contra,
