2926 5034
210 663 369 753 paratim,
411 671 448 730 ut
480 661 607 732 facilius
642 671 676 731 et
708 660 883 733 dilucidius
917 685 989 732 rem
1015 683 1176 754 agamus,

210 783 407 867 argumenta
429 773 625 866 principalia
649 773 875 846 tractabimus.

258 890 448 960 Adversarii
481 890 694 958 condemnant
715 910 854 978 poenum
878 891 988 958 mortis
1012 904 1049 958 ut
1073 890 1178 978 injur-

211 1015 294 1083 tam,
321 1017 349 1071 ot
373 1001 514 1071 societati
537 1025 603 1069 occ
630 1001 777 1072 tribuunt
793 997 851 1089 jos
875 1000 958 1070 vitoe
984 1014 1012 1070 et
1035 1001 1131 1070 occia.

258 1114 334 1184 Hoc
364 1121 599 1205 argumentum
634 1111 815 1182 defendunt
844 1111 1088 1181 considerando
1112 1111 1177 1180 ho-

209 1224 333 1298 minem
369 1226 405 1298 in
442 1226 610 1298 abstracto
645 1233 678 1294 et
712 1223 848 1298 dicunt:
890 1225 998 1294 Nemo
1029 1224 1086 1318 jus
1120 1223 1176 1292 ul-

207 1335 279 1406 lum
317 1336 441 1408 habere
474 1346 587 1429 potest
619 1337 655 1406 iu
688 1334 900 1406 existentiam
933 1337 1075 1406 aliorum
1108 1335 1176 1404 bo-

210 1448 357 1526 minum,
403 1447 506 1518 bomo
548 1455 659 1518 autem
701 1447 821 1538 accipit
854 1471 873 1516 e
901 1448 979 1542 jure
1013 1447 1178 1518 existendi

205 1557 263 1652 jus
287 1558 386 1653 hujus
413 1558 608 1633 existentiae
634 1560 883 1642 defendendae,
922 1569 956 1632 et
979 1559 1178 1630 necessitate

209 1680 340 1742 tantum
380 1679 535 1744 coactum
580 1673 690 1744 vitam
725 1695 821 1744 suum
855 1672 1072 1754 detendendi,
1111 1694 1177 1766 po-

209 1808 289 1856 nere
322 1806 504 1877 possumus
538 1807 613 1856 eum
643 1785 700 1878 jus
726 1786 872 1868 habere,
905 1785 1177 1858 inexistentiam

210 1896 363 1966 aliorum.

258 2010 334 2079 Hoc
368 2009 520 2099 prolecto
554 2007 807 2080 tundamentum
844 2009 1075 2101 accipiendum
1106 2018 1176 2088 cst,

209 2119 269 2191 sed
308 2121 375 2192 iam
417 2122 673 2213 consequentias
710 2121 814 2194 malas
853 2145 897 2193 ex
931 2145 973 2192 eo
1007 2120 1177 2192 deducunt

208 2229 438 2324 quaerentes2'
479 2231 663 2311 Quomodo
698 2234 874 2304 societates
902 2243 935 2304 ct
955 2236 1035 2328 jura
1060 2257 1177 2304 earum

209 2347 415 2415 nascantur?
452 2344 546 2414 Haec
570 2339 791 2438 (utrorum),
823 2355 1007 2414 nascuntur
1032 2371 1050 2414 e
1075 2355 1176 2436 pacto

210 2465 268 2526 aut
302 2455 402 2526 etiam
433 2465 630 2539 contractu,
673 2455 765 2550 quod
789 2455 942 2528 homiues
967 2455 1067 2530 tacite
1089 2456 1177 2528 inter

210 2592 247 2638 se
281 2570 548 2649 constituerunt,
592 2577 625 2637 ct
656 2569 691 2638 iu
722 2592 790 2664 quc
817 2592 934 2640 omnes
960 2579 998 2639 ut
1023 2591 1176 2638 commo-

210 2683 290 2754 dum
322 2681 494 2774 publicum
531 2689 808 2772 promoveretur,
854 2691 984 2771 partem
1016 2682 1177 2752 libertatis

209 2792 420 2864 individualis
455 2798 650 2870 cesserunt,
694 2813 737 2859 ex
772 2790 894 2882 quibus
927 2792 1078 2882 partibus
1112 2815 1177 2860 vo-

210 2907 319 2976 luntas
366 2902 531 2998 generalis
573 2899 650 2996 (lex)
694 2911 773 2973 nata
813 2912 882 2983 est;
930 2904 971 2974 de
1013 2903 1082 2974 vita
1115 2927 1178 2973 au-

210 3029 278 3089 tem
302 3019 438 3088 minime
462 3017 497 3086 in
521 3015 587 3086 hcc
612 3023 786 3088 contractu
811 3023 957 3088 statuere
979 3027 1179 3110 potuerant,

211 3131 300 3226 (narn
326 3153 460 3212 carnea,
485 3138 619 3222 praeter
643 3127 864 3220 philosophos
889 3131 1088 3215 nonnullos,
1113 3129 1180 3200 boc

207 3245 263 3338 jus
300 3243 454 3314 homiues
490 3241 614 3312 habere
646 3238 803 3333 negant),
852 3251 889 3310 et
920 3265 1020 3312 nemo
1060 3242 1180 3312 cedere

211 3366 325 3448 potest
345 3357 442 3449 jura,
480 3377 567 3446 quae
592 3355 662 3422 non
687 3351 848 3444 possidet.
899 3354 975 3422 Hoc
999 3363 1051 3422 est
1075 3377 1178 3446 argu-

212 3476 362 3538 mentum
388 3466 570 3560 principale
594 3467 787 3536 Bnccanmu
813 3461 870 3557 (l).

248 3798 296 3873 (l)
316 3797 463 3872 Filangieri
492 3807 568 3852 recte
590 3801 805 3870 animadvertit,
837 3819 925 3873 quum
942 3801 1012 3861 haec
1029 3808 1177 3866 admittere

210 3891 355 3956 volemus,
373 3899 436 3944 tum
454 3907 513 3942 nnn
531 3891 617 3963 magis
638 3891 682 3960 joa
701 3891 824 3946 societati
841 3894 955 3948 concedi
974 3913 1054 3968 posse
1073 3919 1179 3973 poenae
1254 3877 1256 3882 Ι

210 3981 390 4048 contusionis,
427 3990 478 4034 aut
506 3998 607 4052 operae
637 3993 789 4064 perpetuae
817 3982 1009 4053 adhibendae,
1046 3993 1180 4061 quoniam

211 4091 295 4126 uerno
312 4071 346 4126 de
365 4070 494 4126 libertate
514 4071 653 4144 personali
671 4083 793 4128 statuere
812 4083 904 4146 potest
919 4075 974 4130 hoc
992 4092 1129 4151 respectu.
1140 4113 1181 4125 -

214 4159 356 4218 bassanum
378 4159 521 4218 eorsum
540 4162 658 4216 ulterius
676 4163 769 4218 adbuc
787 4166 932 4237 procedit,
961 4169 989 4220 in
1011 4183 1183 4228 commenta-
