2922 5024
651 516 694 584 91

183 720 290 788 nuper
331 697 589 788 explicationem
632 695 825 772 meliorem,
873 695 1158 785 plausibiliorem-

186 833 251 902 qne
286 809 377 880 dedit
410 808 466 906 (l).
525 809 630 892 Quod
662 807 791 880 facilius
825 809 979 900 proiecto
1004 809 1038 878 in
1065 807 1160 876 renis

186 922 356 992 obtinetur
389 932 423 994 et
457 922 675 992 observatum
708 919 781 990 luit.

237 1035 349 1104 Etiam
367 1034 550 1106 adversarii
566 1031 803 1124 Sdmmeringii
828 1032 1018 1124 opinionis,
1043 1027 1164 1102 volunt

190 1147 399 1218 invasionem
436 1147 522 1218 atris
548 1144 828 1238 athmosphaeriei
853 1155 933 1237 post
967 1142 1163 1235 decapitati-

191 1282 315 1341 onem,
340 1269 485 1331 mortem
513 1260 659 1334 subitam
684 1257 892 1350 producere,
928 1267 962 1328 et
987 1256 1163 1326 conscien-

188 1371 268 1442 tiam
295 1370 347 1442 sui
373 1372 530 1442 adimere.
582 1371 793 1453 Admittunt,
833 1370 883 1440 ef.
908 1370 1066 1440 Krlte'sebe
1093 1373 1164 1440 Au-

190 1485 289 1554 culen
316 1485 374 1552 der
394 1484 646 1554 Stactsorzneile.
670 1488 730 1577 ftlr
759 1487 819 1554 dus
839 1483 1035 1552 eeunzebote
1049 1481 1163 1572 jobab.

189 1597 303 1666 Berlin
328 1597 428 1668 4805.
462 1596 720 1688 beruuspepeden
752 1619 816 1666 voe
851 1595 991 1687 tensi.
1026 1594 1165 1674 Knarm

190 1715 303 1778 adrem
346 1707 674 1800 athmospbaericum
708 1709 795 1778 inter
828 1707 1008 1778 medullam
1043 1706 1166 1776 oblon-

189 1829 301 1911 gatam
323 1829 357 1888 et
379 1819 601 1901 cerebellum,
626 1819 713 1890 inter
737 1820 833 1890 basin
851 1818 979 1888 cerebri
996 1828 1030 1888 et
1048 1819 1165 1888 duram

190 1942 351 2012 matrem,
377 1932 447 2002 imo
481 1931 528 2029 in
542 1942 700 2025 quartum
725 1941 759 2002 et
784 1931 904 2000 deinde
929 1931 962 2000 in
989 1931 1164 2001 ventricu-

190 2044 261 2114 lum
284 2043 422 2114 tertium
455 2056 655 2136 penetrare,
697 2053 732 2114 et
760 2043 1038 2136 impedimentum
1071 2042 1166 2112 subi-

192 2167 264 2227 tum
296 2156 508 2247 producere,
555 2158 658 2250 quod
692 2158 867 2228 facultates
910 2154 1097 2226 cerebrales
1131 2165 1165 2225 et

193 2267 433 2339 conscientiam
459 2267 570 2338 delere
596 2267 706 2338 debet.

226 2557 275 2634 (l)
295 2557 355 2616 Vir.
376 2563 450 2615 doct.
471 2559 628 2616 Amussat.
640 2561 676 2632 cs.
695 2558 817 2616 Gazette
835 2565 884 2616 des
902 2562 993 2633 topic.
1014 2557 1159 2616 3100101.

187 2645 274 2726 Ι181111.
297 2647 424 2705 Sceance
443 2655 478 2704 de
489 2649 595 2704 laced.
615 2655 665 2703 des
681 2653 821 2720 sciences,
838 2647 877 2706 28
890 2647 951 2707 Oct.
966 2647 1040 2706 1844
1059 2649 1160 2707 Paris.

190 2741 329 2812 quaedam
359 2750 478 2794 annotat
509 2742 542 2795 de
570 2741 734 2795 vulneribus
759 2743 949 2808 arteriarum,
986 2751 1014 2796 et
1042 2743 1160 2798 demon-

191 2840 264 2886 strat
282 2831 396 2903 quando
415 2832 444 2884 in
472 2849 590 2904 corpore
614 2833 681 2884 'vivo
700 2831 784 2903 piane
815 2841 844 2885 et
872 2831 1095 2886 transversaiiter
1113 2850 1162 2886 ar-

191 2923 276 2976 teriae
317 2922 556 2994 perscinduntur,
602 2921 768 2976 nullomodo
807 2921 1060 2995 haemorrhagian
1094 2924 1160 2976 oriri

189 3030 318 3084 spasmo,
350 3011 514 3079 eretbismo,
542 3021 594 3066 aut
619 3014 812 3068 contractione
839 3014 978 3085 spastica,
1007 3012 1056 3066 sed
1082 3012 1161 3067 bunc

189 3101 317 3157 effectum
346 3093 445 3157 causac
464 3103 592 3176 physicae
612 3103 827 3156 adscribendum
847 3121 919 3181 esse3
950 3104 1046 3157 statim
1065 3113 1160 3157 autem

190 3202 254 3265 post
282 3193 445 3248 divisionem
481 3193 623 3246 formatur
649 3192 797 3264 coagulum
832 3211 933 3247 cavum
960 3196 1023 3249 coni
1051 3195 1163 3261 forma,

187 3284 265 3355 quod
296 3292 377 3338 vocat
400 3278 509 3335 Oaillot
527 3287 673 3352 spontane
693 3283 885 3346 coturnicum
915 3293 956 3337 est
983 3302 1086 3355 nempe
1114 3302 1162 3338 co·

186 3391 240 3425 nus
260 3391 361 3440 cavus,
380 3373 427 3443 qui
450 3373 622 3446 marginibus
641 3373 760 3426 arteriae
780 3372 928 3444 perscissae
947 3374 1025 3445 quasi
1046 3372 1158 3426 conier-

190 3463 349 3516 ruminatus
369 3471 420 3516 est.
459 3459 511 3516 Hic
541 3480 628 3518 conus
656 3461 787 3517 cohaeret
806 3480 871 3514 curn
889 3461 1055 3517 membrana
1074 3461 1162 3516 cellu-

192 3553 250 3605 losa
269 3551 406 3618 arteriae,
433 3569 504 3622 quae
533 3571 598 3606 cnm
624 3553 827 3626 perscinditur,
846 3552 994 3607 ohservare
1013 3569 1161 3625 possumus

191 3643 338 3697 cavitatem
348 3643 466 3696 arteriae
478 3644 644 3697 continuare
663 3645 827 3712 insonum,
846 3651 875 3697 et
892 3643 930 3698 ibi
942 3662 1057 3699 coecum
1066 3644 1162 3712 abire,

191 3731 242 3806 (en
272 3733 319 3788 cul
348 3733 383 3787 de
402 3731 472 3805 sac).
510 3729 561 3787 Est
583 3734 777 3802 continuatio,
806 3735 827 3788 si
846 3735 930 3806 velis,
958 3735 1082 3790 theoriae
1101 3732 1163 3790 Viri

188 3821 229 3880 Gi.
249 3821 279 3882 J.
300 3820 334 3878 L.
354 3819 441 3880 Perrr
470 3833 498 3878 et
518 3825 569 3878 viri
601 3823 677 3878 doct.
697 3821 868 3892 Fnounurs,
897 3834 931 3880 ut
960 3828 1082 3900 scriptor
1100 3827 1158 3898 ipse

191 3913 343 3970 confitetur
360 3915 391 3968 in
410 3925 491 3988 parte
510 3915 634 3970 secunda
651 3914 812 3981 relationis,
840 3913 890 3968 ubi
908 3913 983 3970 banc
1002 3918 1161 3990 opinionem

190 4007 367 4061 conclusione
407 4015 435 4059 et
474 4007 731 4080 experimentorum
772 4005 907 4059 relatione
936 4007 1069 4063 illustrat.
1118 4003 1161 4059 Gi.

190 4093 318 4152 Scdcnce
342 4101 378 4150 de
398 4094 502 4152 decad.
523 4097 735 4163 decedentes,
757 4091 792 4150 16
811 4090 882 4150 Ber.
923 4093 997 4152 Gau.
1015 4091 1161 4175 des-llop.

193 4185 227 4244 19
247 4187 319 4246 Ber.
343 4184 425 4244 1844.
