2926 5034
754 515 802 582 20

292 697 345 766 rel
383 696 557 768 minimum
590 697 716 766 lurtum
750 695 971 766 domesticum
1004 719 1116 789 poena
1148 694 1267 768 mortis

291 809 502 902 puniebatur.
555 807 732 878 vorsum
758 818 897 880 annotat
922 809 956 880 in
982 811 1266 882 commentatione

292 920 405 1013 operis
431 921 644 992 Buccnnmu:
694 971 716 1001 ‚‚
741 922 807 990 Les
841 921 978 992 maitres
1003 922 1098 992 voles
1125 945 1161 992 se
1184 945 1268 992 con-

294 1084 315 1114 „
340 1031 502 1103 tentaient
527 1032 569 1101 de
595 1031 730 1102 chasser
764 1033 855 1104 leurs
881 1035 1109 1130 domestiques
1136 1035 1194 1128 qui
1218 1035 1270 1106 cl·

295 1197 316 1227 ‚‚
342 1146 444 1216 laient
479 1143 575 1214 voler
607 1145 771 1214 ailleurs.'’

343 1258 474 1328 Vitiosa
517 1257 697 1350 proportio
743 1257 830 1327 inter
874 1279 1021 1351 poenam
1068 1267 1101 1328 et
1142 1258 1268 1328 crimen

295 1371 337 1442 ad
380 1370 517 1443 caedem
555 1393 692 1465 quoque
728 1371 986 1463 perpetrandam
1023 1370 1165 1440 invitare
1202 1393 1270 1462 po-

294 1493 370 1556 test.

341 1597 412 1664 Fur
445 1591 649 1662 domesticus
674 1593 709 1662 in
734 1593 889 1684 llagranti
914 1593 1036 1664 delicto
1061 1595 1268 1688 prehensus,

296 1707 325 1777 si
349 1705 469 1776 ultimo
495 1703 662 1796 supplicio
687 1704 826 1796 punitur
850 1705 916 1775 hoc
941 1705 986 1774 ob
1005 1706 1181 1792 delictum,
1208 1709 1271 1780 ad-

295 1819 429 1889 ducitur
470 1816 576 1908 magis
618 1815 662 1886 ad
695 1817 850 1900 caedem,
893 1819 973 1913 quia
1005 1841 1117 1911 poena
1151 1822 1269 1893 eadem

294 1940 430 2013 manet,
466 1929 568 2000 caede
602 1938 715 2000 autem
747 1930 886 2022 insuper
910 1943 1122 2024 perpetrata,
1156 1935 1269 2026 impu-

180 2133 181 2138 *
292 2045 344 2116 nis
386 2044 530 2114 tortasse
576 2065 714 2114 manere
750 2052 881 2134 potest,
925 2065 1004 2114 nam
1039 2046 1165 2115 crimen
1197 2068 1268 2116 non

292 2156 469 2248 detegitur.
518 2155 611 2224 Ilaec
635 2156 790 2247 prolecto
810 2155 888 2249 jure
912 2155 1068 2230 habenda
1092 2168 1144 2227 est
1167 2179 1269 2228 causa

295 2269 448 2340 caedium
481 2267 663 2338 multarum
698 2290 776 2338 cum
801 2269 1051 2340 effractionibus
1078 2270 1270 2340 domesticis

295 2383 571 2477 conjunctarum,
597 2405 685 2475 quae
711 2391 810 2450 antea
834 2381 869 2449 in
894 2382 1015 2471 Anglia
1039 2381 1271 2452 observaban-

293 2505 359 2566 tur.
427 2497 596 2564 Beurnmr
639 2502 773 2572 narrat,
818 2491 854 2560 in
887 2491 1008 2583 Anglia
1042 2501 1076 2561 et
1109 2492 1271 2566 Hibernia

294 2607 477 2676 directores
509 2604 718 2674 officinarum
750 2603 786 2674 in
819 2602 941 2698 quibus
975 2607 1174 2700 gossypium
1204 2631 1267 2676 ne·
1302 2613 1304 2617 '

292 2729 366 2800 tur,
409 2717 626 2788 abolitionem
650 2740 783 2810 poenae
808 2718 928 2788 mortis
953 2741 1041 2813 quae
1065 2721 1157 2790 lurto
1182 2741 1266 2812 gos-

294 2833 380 2927 sypii
412 2832 572 2923 imposita
605 2840 677 2900 erat
702 2830 942 2922 requisivisse,
977 2833 1139 2924 quoniam
1163 2833 1265 2902 mini-

292 2970 347 3016 me
371 2944 455 3013 haec
478 2965 591 3034 poena
613 2941 672 3010 fini
695 2941 874 3031 proposito
898 2943 1142 3034 respondebat;
1175 2945 1266 3014 furta

293 3055 445 3149 gossypii
479 3063 598 3124 contra
630 3049 857 3142 augebantur,
891 3075 969 3122 nam
1001 3053 1184 3124 directores
1212 3057 1266 3126 ol-

163 3233 168 3242 .
293 3169 466 3240 ficinarum
508 3165 672 3258 gravitate
715 3185 847 3255 poenae
890 3165 1058 3247 deterriti,
1099 3168 1268 3240 malebant

294 3283 416 3354 delicta
444 3281 609 3378 justitiam
642 3275 774 3358 celare,
809 3286 842 3346 et
875 3277 953 3348 inde
977 3277 1160 3372 impunitas
1185 3303 1266 3352 nas-

293 3397 442 3469 cebatur.

341 3513 435 3604 Ergo
468 3509 590 3580 vitiosa
614 3508 794 3600 proportio
819 3503 907 3576 inter
930 3528 1077 3598 poenam
1103 3515 1136 3576 et
1161 3505 1264 3576 delic-

294 3633 366 3693 tum
400 3620 605 3690 contrarium
631 3621 783 3690 effectum
810 3640 911 3710 saepe
936 3619 1120 3711 producet,
1150 3640 1264 3711 ·quem

294 3735 446 3804 obtinere
487 3730 646 3803 volebant
689 3733 917 3824 legislatores:
961 3732 989 3800 si
1021 3753 1133 3823 poena
1165 3729 1263 3800 nimis

292 3845 382 3918 mitis
407 3844 586 3938 proposita
611 3855 683 3926 est,
721 3845 778 3914 lex
802 3866 872 3913 non
899 3841 1117 3922 observatum
1158 3843 1186 3911 si
1210 3843 1264 3912 ni·
1338 3933 1343 3947 ι

293 3961 356 4030 mis
399 3959 530 4050 grauis,
579 3980 623 4026 ne
673 3955 897 4026 deterritionis
942 3957 1078 4048 quidem
1128 3951 1265 4026 effectus

293 4072 513 4166 producitur;
543 4070 636 4163 justa
660 4068 839 4163 proportio
864 4069 951 4138 inter
976 4091 1123 4160 poenam
1148 4077 1181 4137 et
1203 4069 1264 4138 de-

292 4189 406 4258 lictum
441 4183 676 4264 commissum,
711 4181 743 4251 si
775 4181 902 4254 accedit
928 4179 1094 4251 certitudo
1123 4190 1155 4250 et
1180 4203 1264 4274 pro-
