2922 5024
772 492 839 560 128

320 667 503 766 conspectu
529 673 664 766 publico
691 675 791 745 celari
815 681 995 766 poterunt,
1034 683 1068 742 ct
1092 673 1126 743 in
1153 672 1294 744 circuitu

318 789 452 879 operis,
490 797 697 880 spectatores
731 812 752 858 a
785 785 981 856 custodibus
1007 786 1172 857 retinendi
1198 795 1294 868 sunt,

317 910 388 968 cett
440 900 563 969 Omnia
596 901 727 970 minora
763 901 957 994 adjumenta
994 900 1114 968 afferre
1151 900 1293 990 longum

319 1013 400 1094 erit,
435 1013 495 1082 sed
519 1014 576 1082 illo
602 1014 706 1082 modo
732 1012 901 1094 adhibito,
940 1012 1121 1084 commoda
1146 1035 1293 1105 sequen-

317 1125 365 1195 tia
388 1126 487 1194 nobis
514 1148 550 1193 se
567 1127 734 1218 produnt:

369 1240 400 1306 1.
449 1238 563 1306 Labor
605 1239 800 1321 molestior,
838 1239 1070 1330 gradationem
1107 1237 1291 1306 constituet

317 1351 352 1420 in
377 1373 490 1443 poena
514 1351 723 1420 seclusionis.
774 1349 863 1445 (Non
890 1351 991 1420 credo
1019 1371 1106 1442 opus
1134 1371 1228 1431 esse,
1254 1358 1295 1446 ut

315 1461 371 1532 bic
387 1487 543 1532 moneam
560 1455 745 1555 numquam
761 1464 881 1546 licere,
914 1473 954 1533 ut
979 1485 1085 1556 opera
1102 1461 1294 1554 periculosa

318 1576 408 1645 vitae
434 1586 492 1645 aut
517 1575 650 1644 sanitati
677 1574 764 1666 sint.)

365 1691 400 1755 2.
451 1687 566 1778 Opera
600 1686 663 1754 rite
694 1686 861 1768 adbibita,
896 1681 1027 1756 sumtus
1053 1686 1295 1757 incarceratio-

316 1798 369 1867 nis
395 1806 469 1866 cet:
495 1821 618 1891 magna
642 1822 707 1891 pro
732 1809 829 1890 parte
856 1799 1134 1891 compensabunt.

368 1912 402 1982 3.
454 1911 551 2003 Opus
584 1913 711 2004 ubique
746 1912 860 2004 perlici
894 1913 1040 2002 poterit,
1075 1935 1180 2004 quum
1205 1911 1290 1979 hor-

318 2047 378 2094 rea
403 2025 539 2094 mobilia
564 2025 600 2094 in
624 2026 719 2094 locos
746 2048 917 2094 acarcere
933 2024 1155 2106 remotiores,
1181 2033 1293 2093 trans-

321 2137 402 2204 ferri
427 2147 595 2226 poterant.
646 2139 684 2204 ln
712 2136 817 2206 Gallia
839 2137 947 2219 enim,
972 2136 1039 2206 boc
1056 2146 1212 2229 respectu
1229 2158 1294 2227 pe·

320 2248 472 2317 cuniario
499 2249 678 2330 obstabat,
705 2249 798 2341 quod
824 2273 931 2342 opera
955 2273 1088 2342 semper
1104 2272 1293 2341 procuran-

323 2362 366 2432 da
392 2371 487 2432 erant
514 2365 634 2434 codem
660 2363 749 2430 loco.
804 2366 850 2454 Cf.
875 2365 1028 2432 ,liemoire
1048 2385 1139 2452 pour
1155 2361 1299 2431 sercird

323 2475 343 2544 l'
345 2476 472 2544 histoire
507 2479 545 2544 de
583 2478 616 2543 lc
649 2476 722 2542 ville
756 2489 784 2543 ct
817 2476 862 2542 dc
890 2489 968 2564 port
994 2476 1033 2542 de
1058 2475 1296 2554 Roounroar,

319 2611 386 2677 por
409 2587 458 2654 Mr
482 2586 636 2653 Tuoms.

372 2699 407 2768 d.
457 2698 715 2768 Incommodum
762 2699 1013 2770 consuetudinis
1055 2699 1165 2768 minus
1208 2697 1295 2778 erit,
1378 2721 1383 2732 ·

325 2835 431 2904 quum
465 2835 620 2904 quaeque
655 2811 769 2880 classis
804 2812 1039 2882 tantummodo
1066 2835 1110 2880 ex
1136 2812 1182 2880 50
1209 2832 1295 2879 con·

324 2923 491 2991 stituetur.

375 3036 408 3101 a.
460 3032 675 3122 Quamquam
700 3053 787 3123 opus
815 3032 984 3123 publicum
1012 3040 1081 3113 est,
1106 3032 1298 3102 incommo-

326 3145 406 3214 dum
431 3152 543 3214 tamen
569 3143 766 3224 sudabitur,
802 3144 896 3236 quod
922 3145 1099 3236 adspectus
1118 3146 1298 3217 continuus

327 3257 490 3339 aliorum,
515 3256 684 3348 pudorem
709 3257 864 3327 infamiae
889 3257 988 3348 plane
1013 3257 1119 3327 tollet.

374 3373 408 3440 6.
459 3369 656 3440 Tentamina
681 3368 723 3437 ad
741 3369 1047 3454 ameliorationcm,
1065 3371 1215 3441 adhiberi
1232 3395 1298 3464 po-

325 3494 438 3555 terunt
473 3483 613 3552 durante
645 3481 832 3550 seclusione
870 3483 1035 3565 cellulari,
1071 3507 1176 3576 quum
1210 3506 1297 3575 ope-

326 3622 387 3678 ra,
414 3595 553 3666 diversis
580 3593 624 3662 ob
651 3593 784 3674 causis,
809 3593 1111 3688 interrumpuntur.

375 3707 632 3778 Concludimus:
666 3703 817 3774 laborem
850 3708 1023 3778 rudiorem
1049 3719 1204 3780 coactum
1223 3732 1296 3801 pu-

325 3820 450 3890 blicum
482 3819 531 3890 ita
554 3819 762 3900 institutum,
795 3827 833 3887 ut
857 3821 999 3890 malefici
1023 3845 1086 3890 nec
1112 3831 1297 3890 consuetu-

328 3934 404 4004 dine
436 3932 525 4002 inter
549 3955 586 4002 se
613 3939 671 4002 aut
696 3953 773 4000 cum
799 3931 870 4001 aliis
896 3933 1087 4024 gaudeant,
1123 3945 1156 4002 ct
1182 3944 1299 4004 custo-

326 4045 380 4116 dia
404 4044 467 4114 rite
493 4043 708 4126 adhibeatur,
733 4045 966 4136 gradationem
991 4045 1106 4116 utilem
1133 4055 1166 4117 et
1190 4047 1298 4119 ratio-

324 4159 433 4231 nalem
458 4157 492 4228 in
518 4180 630 4250 poena
655 4157 850 4228 seclusionis
876 4158 1085 4250 producere·
