2926 5034
364 1175 970 1288 lllllllllllldlld.

478 1499 872 1538 ψ

251 1845 478 1977 intelligentia
510 1892 628 1953 nostra
662 1893 783 1975 sponte
809 1892 842 1952 et
868 1881 965 1974 quasi
989 1881 1157 1974 instigati-

187 2020 254 2068 one
278 1997 422 2068 naturali
447 1997 598 2092 adjungit
622 1995 733 2066 ideam
759 1994 961 2064 defensionis
988 1995 1080 2064 omni
1104 1995 1158 2062 in-

182 2111 313 2206 juriae,
352 2134 460 2202 aeque
498 2135 537 2180 ao
574 2133 618 2179 ex
652 2109 744 2179 omni
777 2107 960 2180 violatione
999 2106 1158 2201 cogitatio

188 2246 321 2316 poenae
345 2223 504 2293 nascitur.

237 2336 373 2405 Poenae
403 2333 500 2426 origo
527 2332 598 2404 sine
624 2332 727 2402 dubio
752 2334 936 2424 repetenda
960 2343 1011 2402 est
1036 2357 1057 2402 a
1080 2333 1158 2403 vin·

190 2447 279 2518 dicta
304 2470 392 2539 quae
417 2454 497 2538 post
522 2445 749 2516 defensionem
775 2443 996 2538 sequebatur,
1024 2454 1057 2512 et
1082 2467 1159 2513 cer-

190 2571 227 2630 to
260 2569 333 2630 tum
365 2560 564 2652 plerumque
599 2555 815 2629 o'ommodum
848 2559 1026 2650 personale
1059 2557 1160 2638 laesi,

188 2673 389 2766 requisitum
413 2671 631 2762 praecipuum
655 2671 718 2738 luit
742 2671 853 2740 damni
876 2670 1003 2740 inllicti.
1052 2671 1160 2740 Dein·

191 2787 233 2856 de
267 2783 391 2854 sensim
417 2774 609 2874 sensimque
635 2781 778 2850 societas
804 2781 868 2851 sibi
892 2783 958 2852 hoc
978 2783 1054 2875 jus,
1088 2785 1160 2854 lae-

191 2920 230 2968 so
269 2898 459 2977 ademtum‚
497 2893 659 2964 adsumsit
684 2889 749 2986 (1),
783 2893 885 2987 idque
923 2903 1031 2976 recte,
1072 2917 1161 2986 quo-

190 3010 280 3082 niam
313 3010 387 3102 ipsa
417 3007 643 3077 institutiones
671 3028 755 3098 quas
782 3007 999 3079 commodum
1024 3008 1161 3080 univer-

229 3289 279 3379 ¹(l)
299 3301 387 3378 Saepe
407 3291 582 3376 disputatum
601 3313 643 3359 eet
662 3303 696 3359 de
715 3304 820 3378 origine
835 3305 904 3376 juris
914 3304 1067 3378 puniendi,
1085 3307 1163 3378 quod

192 3397 309 3450 societas
327 3394 462 3449 exclusive
481 3395 533 3450 sibi
562 3395 736 3450 adeumelsat.
774 3391 891 3449 Plurimi
910 3403 1090 3465 statuerunt,
1117 3413 1163 3451 so·

194 3487 323 3542 cictatcm
364 3485 451 3538 hocce
490 3485 534 3555 jue
571 3486 744 3557 acquisivisse
773 3503 807 3539 ex
833 3483 1032 3554 conjunctione
1057 3487 1163 3558 jurium

192 3594 265 3648 quae
305 3575 496 3646 unnsquisque
532 3573 679 3629 hominum
723 3584 806 3630 antea
849 3576 1000 3648 separatim
1040 3578 1164 3650 posside·
1259 3598 1267 3620 r

190 3665 260 3732 hat3
301 3684 366 3740 ergo
385 3665 540 3720 secundum
559 3663 628 3733 hos,
655 3667 769 3720 societas
788 3667 945 3740 potentiam
971 3665 1162 3736 collectivam,

191 3766 242 3812 aut
269 3757 333 3829 jura
361 3757 512 3826 conjuncta
540 3757 714 3829 possideret,
753 3774 824 3828 quae
853 3757 944 3810 omnis
971 3755 1056 3812 homo
1084 3766 1163 3813 extra

190 3848 264 3904 hanc
292 3850 454 3904 societatem
482 3865 608 3902 exercere
638 3856 740 3920 posset.
760 3877 799 3887 -
831 3843 947 3902 Minime
976 3858 1071 3902 autem
1097 3847 1163 3902 hnic

191 3941 315 4012 opinioni
335 3940 478 3994 assentior.
506 3933 606 4009 (Gens.
626 3946 825 4011 argumentum
844 3937 880 3991 ad
897 3956 1019 4010 poenam
1036 3937 1161 4009 mortis).

190 4026 259 4084 Mihi
288 4031 400 4085 ridetur
426 4031 542 4086 societas
569 4027 613 4098 jus
640 4028 775 4102 puniendi
805 4046 837 4082 ox
866 4047 893 4082 se
919 4030 980 4102 ipsa
999 4031 1162 4102 acquirere,

192 4139 251 4175 non
278 4120 342 4192 jura
374 4120 518 4178 collectiva
548 4117 695 4173 homiuum
720 4115 825 4173 hancce
856 4127 1024 4190 potestatem
1053 4120 1077 4172 ei
1096 4137 1164 4191 pro-

194 4227 301 4265 curare.

1048 4313 1063 4378 1
