2922 5024
659 489 715 559 81·

187 671 394 744 celerrimam
419 689 509 739 esse:
541 673 561 740 ὅ
588 661 669 742 min.
695 671 720 739 lt
745 691 831 752 seo,
858 677 891 740 et
912 668 1158 752 tardissimam,

187 787 209 858 8
235 785 315 855 min.
342 784 387 854 35
416 804 482 852 sec.
534 785 571 854 ln
597 783 861 876 strangulatione
886 790 999 852 autem
1024 781 1161 852 celerri-

184 922 294 982 mam,
323 900 339 967 1
367 895 447 966 min.
475 897 520 967 53
548 920 633 982 see,
661 907 694 968 et
710 896 935 968 tardissimam
960 897 983 966 3
1008 895 1088 965 min.
1114 895 1158 964 15

109 1015 111 1020 ’
185 1035 251 1082 sec.
304 1009 407 1092 Quod
439 1007 504 1078 nisi
533 1011 630 1080 fallor
662 1009 697 1080 in
722 1010 874 1080 favorem
899 1007 998 1102 hujus
1024 1007 1156 1099 generis

187 1147 318 1218 poenae
342 1121 461 1192 mortis
487 1123 605 1193 afferre
631 1144 825 1216 possumus.

157 1293 159 1300 .
235 1240 290 1308 Ex
315 1234 488 1306 antedictis
516 1235 617 1304 credo
644 1234 798 1304 concludi
823 1253 945 1329 posse:

238 1352 269 1419 l.
321 1352 360 1418 ln
385 1346 627 1438 suspensione,
661 1355 807 1414 mortem
835 1345 992 1414 universe
1017 1345 1161 1438 produci

183 1485 287 1534 causa
332 1461 511 1553 conjuncta
552 1455 752 1548 apoplexiae
791 1466 824 1526 et
857 1457 1062 1551 asphyuiae,
1100 1456 1161 1527 sed

127 1635 130 1640 .
184 1581 411 1668 symptomata
436 1569 570 1640 alterius
598 1569 763 1654 eminere,
793 1570 925 1640 ratione
951 1570 1162 1642 diversarum

185 1683 508 1756 circumstantiarum
550 1683 796 1768 exsecutionis,
830 1693 864 1753 et
894 1707 959 1777 pro
992 1693 1164 1777 tempera·

186 1808 302 1869 mento
327 1795 498 1889 puniendi.

234 1916 269 1981 2.
318 1908 464 1980 Luxatio
489 1907 722 1978 vertebrarum
748 1908 824 1978 colli
852 1917 886 1978 et
909 1909 1015 1979 laesio
1028 1908 1166 1979 mecha-

185 2024 261 2094 nica
297 2021 483 2102 medullae,
529 2020 665 2092 minime
704 2043 805 2091 causa
838 2021 957 2091 mortis
992 2045 1054 2114 per
1087 2041 1165 2090 sus·

186 2135 385 2230 pensionem
405 2132 562 2201 universe
586 2133 702 2203 heberi
726 2143 863 2226 potest,
891 2157 996 2228 quum
1021 2117 1167 2204 vidimus

186 2246 356 2321 rarissime
383 2265 458 2312 eam
482 2243 596 2312 locum
624 2245 759 2314 habere.

238 2362 272 2430 3.
323 2358 393 2428 Nec
407 2355 601 2424 constrictio
620 2375 781 2426 vasorum
797 2378 1065 2451 nervorumque,
1078 2365 1168 2428 tam·

190 2495 293 2566 quam
350 2491 452 2540 causa
496 2467 687 2560 principalis
735 2469 915 2561 separatim
961 2468 1167 2541 admittenda

115 2608 121 2630 ,
190 2595 261 2667 est,
300 2583 461 2677 quoniam
497 2581 532 2650 in
570 2582 677 2672 priori
711 2605 792 2652 casu
827 2591 1055 2676 symptomata
1079 2605 1167 2675 apo-

188 2698 354 2790 plectica‚
396 2695 431 2763 in
473 2694 656 2784 posteriori
697 2695 892 2786 asphyctiea
933 2695 1041 2786 magis
1084 2719 1169 2767 con-

192 2809 312 2902 spicua
337 2815 445 2877 erunt.

237 2923 272 2991 l.
324 2919 447 2990 Modus
490 2917 721 3010 suspensionis
757 2941 834 2988 irum
869 2917 1056 3012 dejectione
1089 2922 1166 2993 vio-

191 3037 280 3106 lenta
313 3043 371 3106 aut
406 3055 482 3102 cum
512 3030 734 3113 tortionibus,
760 3028 909 3124 (wristed
933 3032 1094 3130 motion),
1121 3035 1168 3105 si-

191 3173 234 3220 ve
270 3145 447 3238 suspensio
482 3143 644 3235 simplex,
675 3143 812 3212 minime
835 3144 1044 3216 influentiam
1067 3148 1169 3218 habet

193 3285 281 3356 quae
312 3260 469 3330 universe
503 3257 551 3325 eis
582 3255 801 3338 adscribitur,
840 3278 946 3348 quum
970 3259 1167 3330 nullomodo

195 3377 309 3445 lavent
345 3369 574 3441 constrictioni
610 3368 784 3452 validiori,
822 3369 1071 3454 lunationibus,
1109 3381 1168 3442 aut

196 3487 316 3556 mortis
342 3480 584 3554 accelerationi.

248 3603 281 3668 ὅ.
333 3593 567 3675 Constructio,
592 3617 703 3688 neque
728 3595 838 3688 major
864 3602 922 3664 aut
946 3595 1058 3665 minor
1075 3619 1168 3668 cras-

198 3711 310 3780 situdo
360 3707 499 3802 laquei,
545 3707 730 3802 quidquam
772 3709 949 3778 conserunt
990 3711 1033 3780 ad
1073 3734 1169 3782 mor-

197 3834 266 3893 tem
299 3831 357 3893 aut
387 3820 626 3890 extinctionem
651 3819 874 3892 conscientiae
901 3822 953 3892 sui
978 3824 1169 3896 acceleran-

197 3937 283 4007 dam.

246 4051 280 4118 6.
330 4050 423 4120 ltlors
457 4072 519 4141 per
553 4046 852 4138 strangulationem
876 4048 1094 4138 praeferenda
1119 4057 1171 4116 est

200 4161 300 4231 morti
332 4184 393 4254 per
429 4162 703 4256 suspensionem,
746 4158 906 4253 quoniam
933 4170 966 4230 et
992 4160 1169 4230 conscien-

1054 4286 1075 4352 6
