2922 5024
668 495 734 563 115

254 675 298 747 Ut
333 675 420 748 enim
456 677 580 748 sensim
621 679 812 773 sensimque
849 679 883 750 in
917 680 1089 764 membro,
1136 680 1179 752 ad

205 790 365 882 quietem,
386 773 580 860 absolutam
608 789 850 874 condemnato,
892 795 1060 886 paralysin
1095 791 1177 862 oriri

204 903 451 985 observamu5‚
477 903 525 972 ita
549 902 704 994 atrophia
729 905 894 998 quaedam
920 906 1118 996 producitur
1142 905 1176 974 in

201 1014 339 1086 homine
363 1014 495 1086 morali.

252 1129 399 1198 Effectus
426 1129 578 1219 profecto
607 1128 759 1199 diversus
777 1129 841 1199 erit
856 1152 919 1221 pro
947 1129 1087 1198 diversis
1106 1128 1171 1198 ho-

202 1238 370 1321 minibus,
420 1265 453 1312 v.
479 1265 508 1310 o.
551 1242 613 1310 illis
649 1263 735 1335 quos
772 1241 991 1311 observamus
1025 1241 1169 1313 faculta-

201 1361 251 1422 tes
273 1354 343 1446 jam
372 1353 550 1422 debiliores
576 1362 609 1422 et
634 1353 744 1422 minus
771 1353 923 1424 evolutas
949 1353 1091 1434 babere,
1117 1377 1174 1423 re-

200 1465 308 1532 clusio
347 1463 498 1534 solitaria
530 1465 564 1534 in
597 1464 731 1556 longius
765 1466 931 1556 producta
956 1465 1173 1558 perniciosis-

201 1576 286 1646 sima
319 1576 408 1657 erit,
454 1601 531 1646 nam
570 1587 689 1668 stupor
723 1577 858 1670 qnidam
893 1589 951 1649 aut
984 1578 1173 1648 idiotismus

199 1688 379 1760 artificialis
407 1689 545 1758 orietur.
595 1689 661 1758 Alii
687 1690 746 1782 qui
772 1713 905 1782 semper
931 1691 1170 1782 cogitationem

200 1803 234 1872 in
271 1803 405 1872 unicam
442 1802 552 1872 ideam
586 1811 822 1872 concontrant:
857 1813 891 1872 et
917 1804 1069 1874 consueti
1096 1813 1195 1874 sunt.

201 1925 259 1985 aut
309 1915 432 1986 addicti
478 1913 753 1984 meditationibus
805 1914 1000 1996 abstractis,
1048 1916 1173 1984 sensim

201 2027 395 2120 sensimque
455 2027 491 2096 in
551 2026 803 2095 monomaniam
852 2025 1025 2104 incident,
1079 2048 1170 2118 quae

197 2139 423 2209 characterem
468 2138 692 2207 meditationis
736 2137 858 2230 objecti
896 2137 1041 2207 habebit.
1105 2137 1171 2208 Mi-

197 2273 317 2320 norem
359 2251 514 2318 effeetum
556 2249 782 2340 perniciosum
825 2250 990 2339 producet
1022 2251 1057 2319 in
1092 2274 1171 2332 eos,

199 2363 258 2455 qui
299 2383 376 2432 cum
409 2363 565 2454 flegmate
598 2361 742 2430 naturali
778 2361 1042 2432 constitutionali
1074 2387 1172 2456 mag-

197 2499 276 2547 nam
311 2475 501 2567 energeiam
537 2473 763 2566 conjungunt:
801 2474 915 2565 potius
942 2474 1062 2568 abjecti
1087 2476 1173 2544 fiunt

197 2609 299 2680 quam
333 2587 425 2679 quod
458 2586 636 2655 laeduntur
668 2585 703 2654 in
736 2587 948 2656 facultatibus
974 2587 1168 2656 moralibus

194 2699 332 2768 Minime
371 2706 484 2765 tamen
522 2695 662 2764 admitto
701 2697 924 2768 reclusionem
962 2721 1030 2765 sev‚
1070 2701 1168 2769 Pens.

195 2809 349 2901 quamvis
383 2809 484 2900 longe
518 2807 745 2899 productam,
784 2808 940 2880 universe
967 2809 1168 2880 dementiam

190 2923 343 3002 efficere,
381 2921 474 3014 quod
500 2919 650 2988 nonnulli
677 2919 857 2989 voluerunt
883 2917 943 3014 (1).
996 2921 1061 2991 Sed
1079 2945 1165 3014 poe·

190 3137 419 3150 ffi—

225 3285 276 3359 (1)
315 3283 461 3342 Μέηιοίνι
487 3305 537 3340 sur
564 3283 705 3358 l'bygiene
735 3290 785 3340 des
814 3289 1009 3352 condemnes,
1045 3289 1166 3340 decenus

188 3380 265 3430 dans
293 3380 325 3430 ta
350 3378 452 3446 prison
474 3377 683 3446 penitentiaire
713 3381 748 3431 de
779 3372 906 3446 Genese,
931 3396 989 3448 par
1018 3373 1163 3446 (lomnes,

188 3467 317 3520 needecr'n
333 3470 368 3519 de
385 3470 416 3519 la
434 3468 549 3520 maison
569 3471 619 3520 des
637 3468 751 3523 aliine's
771 3475 792 3521 ὰ
816 3464 934 3522 Genese.
972 3463 1065 3520 Paris
1077 3461 1160 3524 1838.

188 3554 227 3622 ltt
246 3554 374 3625 (itemst,
403 3554 542 3612 Examen
561 3559 689 3613 me'dical
716 3569 745 3612 et
769 3558 990 3629 philosophique
1025 3560 1065 3610 du
1089 3567 1159 3630 syst.

187 3648 278 3718 penit.
326 3643 419 3702 Paris
450 3644 532 3704 1838.
590 3647 627 3704 Β*
653 3646 806 3718 Vennum,
842 3646 1001 3704 It'e'clusien
1032 3651 1108 3702 dans
1134 3651 1161 3701 te

188 3747 297 3792 canton
324 3742 359 3792 de
385 3735 422 3795 V
417 3743 498 3808 aud,
528 3749 556 3794 et
582 3759 634 3794 sur
656 3744 682 3794 le
698 3741 791 3810 pe'nit.
812 3743 847 3793 de
865 3736 1039 3796 lauzanae
1078 3735 1162 3794 Lou-

187 3847 282 3884 senne
304 3824 386 3884 1842.

225 3915 329 3974 Omnes
360 3919 412 3976 bae
449 3921 650 3994 disputationes
687 3921 830 3994 praeclare
872 3920 1090 3988 refutabantur,
1128 3920 1159 3974 in

186 4009 378 4065 dissertatione
405 4012 455 4064 riri
484 4013 559 4067 doct.
589 4009 715 4066 Motum
742 4008 856 4066 Cuutst.
895 4012 970 4066 infra
1008 4009 1159 4066 laudanda.

187 4095 230 4154 Cf.
249 4119 360 4180 quoque
379 4101 571 4159 conclusiones
589 4105 619 4158 in
638 4104 742 4170 diario,
768 4098 865 4155 Times
884 4099 904 4156 2
922 4099 1056 4158 Decemb.
1076 4094 1158 4152 1842.

189 4199 216 4242 et
244 4191 406 4266 disceptatio
435 4195 511 4250 inter
538 4191 651 4249 Fratres
682 4190 835 4248 terrim
861 4203 892 4246 et
922 4191 958 4248 llt
977 4189 1102 4257 JtttttJS,
1131 4199 1159 4242 et
