2922 5024
788 467 836 536 78

324 646 492 738 pondere,
526 645 688 739 quoniam
721 647 940 717 crassitudine
973 657 1006 716 et
1038 648 1205 742 duplicata
1231 672 1293 742 ap-

322 758 524 850 plicatione,
558 759 832 828 constrictionem
856 761 967 829 minus
993 761 1137 833 validam
1163 763 1293 832 ellicere

323 870 511 950 debebant,
538 881 571 939 et
597 883 686 941 certe
712 871 825 962 laquei
851 881 1052 964 praetenues
1080 897 1123 944 ex
1147 875 1293 968 bomby-

323 1008 362 1054 ce
393 983 558 1065 conlecti,
593 985 713 1077 quibus
752 993 894 1053 utuntur
931 985 1003 1054 aliis
1037 987 1071 1056 in
1097 987 1292 1078 regionibus

321 1097 418 1167 citius
443 1107 587 1166 mortem
612 1097 848 1188 producerent.
908 1098 1033 1166 Tamen
1061 1099 1293 1189 experimenta

321 1234 408 1303 quae
442 1210 483 1279 de
516 1209 566 1279 his
600 1208 751 1291 institui,
788 1231 843 1278 me
878 1208 1085 1290 docuerunt,
1123 1209 1292 1281 theoriam

321 1322 422 1392 etiam
455 1321 482 1390 si
517 1323 722 1413 argumentis
748 1321 905 1414 gravibus
932 1321 1114 1414 probetur,
1152 1322 1290 1392 minime

319 1445 454 1527 semper
490 1434 588 1524 praxi
623 1436 825 1505 confirmari.
889 1435 981 1504 ldem
1016 1442 1175 1526 expertus
1211 1457 1288 1505 sum

320 1547 412 1640 quod
438 1545 480 1614 ad
505 1544 644 1612 modum
670 1547 900 1636 suspensionis
926 1547 1065 1627 attinet,
1097 1569 1144 1615 sc.
1172 1555 1230 1617 aut
1254 1547 1289 1616 in

319 1655 460 1749 simplici
494 1655 598 1724 modo
633 1655 820 1725 maleficum
846 1657 916 1726 sine
942 1658 1011 1727 ictu
1035 1657 1106 1726 ullo
1133 1659 1175 1728 de
1200 1660 1290 1730 scala

319 1767 516 1862 dejiciendi,
555 1777 588 1836 et
622 1767 694 1837 siue
727 1769 947 1840 tractionibns
981 1779 1061 1863 post
1092 1773 1289 1865 suspensio-

317 1904 414 1964 nem,
452 1877 522 1976 (qui
553 1903 629 1950 mos
662 1892 781 1953 nostra
812 1883 848 1952 in
882 1883 991 1975 patria
1015 1883 1107 1975 viget
1117 1883 1138 1979 ‚)
1172 1885 1290 1954 autin

317 1995 422 2065 modo
457 2017 533 2063 cnm
567 1995 695 2085 impetn
729 1995 903 2087 dejiciendi
928 1996 1055 2089 aliquot
1081 1997 1208 2089 pedes,
1242 1997 1290 2066 si·

318 2115 375 2174 cut
399 2107 434 2174 in
458 2106 597 2196 Anglia,
631 2115 665 2174 et
691 2107 782 2198 apud
806 2108 889 2177 alios
915 2108 950 2177 in
975 2131 1041 2178 usu
1067 2119 1128 2180 est.
1180 2110 1287 2180 Vide·

317 2241 412 2288 umus
448 2217 529 2311 quid
561 2219 595 2288 in
628 2218 679 2288 his
714 2219 945 2312 experimenta
977 2221 1011 2291 in
1043 2223 1203 2293 cuniculis
1231 2223 1286 2292 in-

316 2331 431 2402 stituta
454 2355 508 2401 me
535 2332 719 2406 docuerint.

365 2443 517 2514 Cuniculi
555 2443 711 2534 suspensi
744 2441 867 2532 laqueo
894 2443 1086 2536 duplicato,
1124 2445 1286 2515 crassitu-

316 2557 392 2626 dine
417 2555 451 2624 in
476 2553 734 2646 proportionem
758 2554 957 2648 laqueorum
984 2556 1105 2652 quihus
1129 2556 1165 2626 in
1182 2579 1284 2627 exse-

318 2666 508 2738 cutionibus
533 2678 650 2738 nostra
673 2667 708 2738 in
733 2668 841 2760 patria
866 2680 1029 2754 utuntur,
1062 2671 1190 2741 nullum
1216 2671 1286 2763 sig-

317 2806 398 2853 num
436 2783 524 2852 vitae
558 2781 779 2851 ostendebant
803 2793 900 2873 post:
940 2783 1066 2854 dmin.
1093 2785 1117 2854 l
1143 2807 1228 2866 see,
1264 2788 1284 2854 6

318 2897 397 2964 min.
423 2898 471 2962 22
497 2916 582 2972 see,
609 2894 631 2959 6
656 2893 736 2959 min.
766 2894 810 2961 13
836 2915 922 2975 see,
947 2898 971 2962 7
997 2896 1077 2963 min.
1104 2897 1151 2965 3t
1177 2919 1244 2965 sec.

367 3005 519 3076 Cuniculi
544 3003 698 3096 suspensi
721 3003 842 3072 eodem
866 3005 988 3097 laqueo
1015 3005 1204 3097 duplicato,
1243 3007 1285 3077 ab

318 3119 489 3190 altitudine
523 3120 546 3187 2
580 3117 705 3210 pedum
739 3115 877 3209 dejecti,
911 3117 1038 3186 nullum
1073 3117 1205 3210 signum
1231 3119 1285 3189 vi-

317 3243 370 3304 tae
395 3239 491 3326 post:
519 3234 538 3301 5
565 3231 645 3300 min.
676 3231 720 3300 ll
747 3251 832 3309 see,
858 3229 880 3297 6
903 3229 983 3301 min.
1010 3232 1137 3314 lusce,
1163 3232 1283 3302 8min.

316 3349 361 3418 35
390 3371 455 3416 seo.
481 3345 613 3415 dabant.

366 3458 518 3532 Cuniculi
558 3455 712 3547 suspensi
744 3455 867 3549 laqueo
902 3457 1099 3528 tenuissimo
1134 3459 1283 3552 simplice

315 3574 522 3662 bombyceo,
557 3567 628 3635 sine
661 3568 728 3638 ulla
762 3569 946 3663 dejectione
976 3581 1055 3662 post
1081 3575 1101 3640 5
1129 3573 1207 3641 min.
1234 3576 1280 3641 25

316 3707 401 3764 sce,
428 3685 450 3751 6
476 3681 555 3749 min.
586 3681 630 3748 12
657 3703 741 3760 seo,
769 3681 791 3750 6
813 3683 893 3752 min.
922 3685 965 3752 15
985 3705 1070 3763 see,
1097 3683 1215 3752 8min.
1238 3685 1282 3754 13

317 3819 402 3876 seo,
435 3793 563 3863 nullum
587 3794 675 3864 vitae
701 3793 833 3884 signum
860 3795 992 3864 dabunt.

364 3909 429 3978 Alii
462 3907 616 4000 suspensi
650 3907 770 3975 eodem
802 3907 926 3989 modo,
967 3907 1026 3976 sed
1060 3931 1135 3977 cum
1170 3909 1283 4001 dejec-

315 4025 406 4094 tione
440 4022 481 4094 ab
516 4019 688 4092 altitudine
722 4019 913 4112 2pedum,
947 4028 1044 4112 post:
1081 4020 1207 4090 6min.
1234 4023 1281 4092 23

316 4165 380 4212 sec.
391 4191 405 4220 1,
439 4137 460 4205 6
487 4135 565 4204 min.
593 4136 615 4204 8
643 4155 734 4214 secu,
773 4133 795 4202 8
821 4131 899 4201 min..
928 4133 972 4202 35
1001 4153 1065 4202 sec.
