2922 5024
777 517 824 584 st

316 696 441 768 directe
466 695 684 767 abolitionem
708 696 898 780 indicabat,
924 719 1002 769 nam
1028 709 1125 772 antea
1151 724 1290 796 quoqne

314 809 348 880 in
396 831 461 880 usu
508 819 603 881 erant
652 813 859 902 puillotinoe,
913 811 948 880 in
994 813 1116 905 quibus
1163 818 1290 886 ferrum

315 932 498 1006 truncans,
540 925 650 994 lorma
687 931 758 994 erat
795 923 897 1015 gladii
928 924 1052 994 brevis.
1102 928 1292 1020 Legislator
1407 965 1411 974 -

318 1035 463 1106 Gallicus
497 1058 681 1129 numquam
714 1057 784 1104 vox
813 1038 994 1108 Guillotico
1018 1037 1053 1107 in
1079 1039 1163 1109 God.
1188 1064 1290 1132 poen.
1321 1079 1324 1083 ·
1449 1131 1450 1138 ἵ

315 1169 399 1218 usus
431 1155 502 1231 est,
535 1171 597 1217 nec
623 1157 778 1219 accurate
803 1147 849 1216 ibi
875 1149 1127 1220 exsecutionem
1153 1152 1290 1234 delinit,

317 1284 422 1354 quum
458 1270 520 1331 art.
559 1263 615 1330 12.
679 1261 764 1330 Cod.
798 1262 902 1330 Poen.
930 1261 1009 1330 dicit
1033 1265 1289 1333 tantummodo:

315 1423 339 1464 „
365 1374 455 1442 Tout
480 1373 667 1444 condamnd
693 1374 713 1446 a
737 1384 828 1446 mort
853 1399 936 1446 aura
959 1375 993 1446 la
1016 1378 1084 1444 tete
1101 1377 1289 1446 tranchde.''

314 1488 496 1556 Decretum
518 1496 630 1556 autem
648 1510 666 1554 e
684 1496 838 1578 tempore
855 1489 1014 1572 terroris,
1040 1489 1290 1581 praescribebat

315 1597 570 1667 decollationem
611 1597 840 1668 mechanicam
882 1621 949 1690 ope
975 1602 1102 1670 securis
1128 1602 1286 1673 caducae.

313 1705 526 1803 (Guillotine).

363 1821 462 1890 Certe
488 1844 507 1890 e
534 1831 718 1914 conspeetu
742 1821 892 1916 practico
916 1822 1002 1892 banc
1022 1845 1169 1915 poenam
1185 1848 1287 1918 prae-

310 1933 411 2004 terire
448 1936 704 2028 potuissemnS,
751 1936 912 2031 quoniam
948 1945 1066 2007 nostra
1103 1937 1138 2006 in
1176 1940 1287 2030 patria

241 2053 247 2070 ⁸
311 2050 546 2119 tantummodo
580 2050 717 2118 nomine
752 2049 883 2131 existit,
919 2058 953 2118 et
985 2073 1171 2142 numquam
1195 2061 1284 2121 tem-

309 2161 450 2251 poribus
484 2161 727 2231 recentioribus
763 2143 923 2232 adhibita
942 2163 1062 2244 fuerit,
1097 2163 1157 2233 sed
1182 2187 1288 2258 quum

308 2271 396 2343 inter
438 2297 566 2366 poenas
601 2275 796 2366 corporales
830 2274 866 2344 in
898 2276 972 2367 lege
1005 2276 1140 2369 poenali
1176 2279 1285 2348 adnu-

309 2397 478 2472 meratur,
513 2389 555 2459 de
581 2411 621 2459 ea
647 2411 784 2480 qnoque
810 2412 911 2479 agere
938 2389 1109 2456 debemus.

360 2501 476 2582 Quum
510 2523 583 2570 eam
616 2509 789 2590 tamquam
821 2499 857 2567 in
886 2521 952 2568 usn
976 2498 1144 2590 vigentem
1170 2500 1285 2570 consi·

309 2614 484 2693 deramus,
523 2612 636 2682 statim
675 2611 829 2704 quaestio
867 2611 993 2681 oritur:
1036 2635 1079 2681 an
1111 2611 1284 2704 legislator

306 2725 515 2797 rationaliter
549 2727 638 2820 egit,
679 2749 784 2819 quum
809 2727 1014 2817 quilloticom
1040 2723 1213 2807 aboleret,
1249 2737 1282 2795 et

308 2841 343 2912 in
376 2841 490 2909 locum
526 2841 598 2933 ejus
630 2839 920 2928 decapitationem·
938 2838 1051 2927 gladio
1076 2839 1281 2920 faciendam,

308 2952 480 3022 instituit?
544 2950 698 3041 Objeetio
746 2950 839 3040 quod
884 2949 1057 3036 quillotino
1102 2949 1201 3017 nimis
1248 2951 1283 3019 in

311 3061 416 3132 Gabia
450 3059 631 3152 viguisset,
669 3059 717 3129 ita
749 3068 787 3128 ut
820 3059 854 3128 in
881 3058 1080 3127 memoriam
1104 3072 1281 3131 revocaret

306 3173 563 3268 usurpationem
606 3173 779 3256 odiosam,
819 3170 1004 3241 omittenda
1041 3179 1115 3254 est,
1153 3179 1192 3241 ut
1224 3172 1281 3243 ni-

308 3289 372 3360 mis
397 3287 610 3381 pusillanima
635 3293 669 3356 et
692 3286 833 3357 minoris
859 3285 1032 3354 momenti.

352 3401 521 3495 Equidem
545 3399 682 3469 minime
707 3399 818 3470 verbis
847 3397 946 3467 edicti
973 3397 1157 3482 assentior,
1192 3423 1280 3493 quae

306 3513 560 3606 decapitationis
594 3534 740 3603 poenam
774 3511 975 3592 admittunt,
1010 3520 1044 3580 et
1076 3520 1189 3582 tamen
1222 3512 1278 3581 in-

305 3634 529 3717 strumentum
554 3624 761 3715 abrogarunt
787 3625 881 3718 cnjus
910 3646 995 3715 ope,
1034 3625 1164 3715 optimo
1190 3646 1276 3715 pro-

304 3741 393 3809 lecto
417 3737 542 3818 modo,
569 3735 742 3806 exsecutio
767 3737 851 3806 haec
875 3736 1057 3828 perficitur.

351 3852 428 3920 Jam
463 3850 589 3920 dudum
618 3849 654 3918 in
680 3849 784 3920 Gallia
810 3849 1026 3919 observatum
1051 3855 1141 3930 erat,
1177 3846 1277 3916 deca-

302 3965 501 4060 pitationem
538 3962 650 4055 gladio
687 3961 872 4033 faciendam
910 3961 1061 4053 pluribus
1101 3957 1278 4030 difficulta-

182 4138 184 4143 .
304 4081 392 4156 tibus
428 4086 461 4148 et
493 4077 581 4147 vitiis
616 4076 780 4146 laborare.
831 4073 944 4144 Primo
978 4094 1138 4166 magnum
1171 4071 1278 4142 robur

304 4205 336 4264 et
370 4189 567 4286 praesertim
604 4187 784 4260 dexteritas
818 4187 853 4258 in
888 4186 1041 4259 carnifice
1074 4186 1276 4282 requiritur,
