2922 5024
630 517 697 586 llas

175 699 326 796 quisitis,
351 698 439 768 conl.
457 719 562 792 supra
585 723 664 793 pag.
686 702 730 772 16
753 721 823 795 sq.,
848 723 979 794 poenae
991 683 1144 774 rationa-

172 813 214 884 lis
241 812 423 894 destituta,
449 811 510 884 sed
533 811 575 882 iis
600 813 740 906 insuper
765 814 865 907 plane
890 814 1059 886 contraria
1084 823 1145 884 est.

219 928 330 996 Poeno
367 927 456 996 dedet
487 928 611 996 molum
648 950 712 995 esse
741 929 902 1021 malificc,
941 943 969 997 ct
993 950 1066 998 eum
1091 929 1144 998 di·

171 1055 253 1110 recte
279 1053 307 1110 et
330 1039 445 1110 idoneo
471 1039 565 1108 modo
591 1041 719 1133 officere
743 1035 801 1108 δι’.

217 1153 271 1222 An
313 1149 482 1243 expositio
516 1149 583 1220 hoc
615 1151 771 1222 universe
805 1151 949 1222 efficiet?
996 1150 1143 1221 Minime.

170 1263 341 1335 Confiteor
384 1262 470 1332 hanc
519 1285 664 1354 poenam
706 1264 900 1356 psychicam
941 1262 1141 1356 gravissimo

167 1377 271 1446 modo
313 1374 484 1444 hominem
526 1376 689 1446 moralem
729 1376 886 1458 laedere,
930 1384 964 1445 et
1006 1397 1143 1446 sensnm

167 1487 336 1579 dignitatis
362 1485 507 1556 hominis
534 1485 653 1578 probi,
687 1488 971 1562 existimationem
999 1511 1144 1581 genera·

168 1600 236 1670 lem
272 1599 307 1670 in
345 1598 456 1691 pretio
481 1596 658 1682 habentis,
700 1610 837 1672 etcum
860 1601 967 1694 magis
994 1600 1144 1672 cruciare

169 1734 272 1806 quam
295 1735 446 1806 unquam
470 1734 582 1803 poena
609 1715 779 1805 corporali
803 1715 875 1785 fieri
899 1722 1027 1808 posset.

219 1823 288 1894 Sed
319 1823 355 1894 in
388 1824 471 1894 tales
505 1824 659 1896 homines
684 1849 869 1920 numquam
894 1836 953 1898 ant
976 1826 1147 1896 rarissime

170 1959 308 2008 necesse
347 1936 411 2007 erit
450 1936 538 2008 hanc
579 1960 725 2030 poenam
766 1939 962 2030 applicare,
1009 1938 1147 2008 minime

171 2050 322 2120 omnium
345 2048 381 2118 in
407 2071 466 2117 eos
495 2049 555 2142 qui
580 2050 777 2121 insulsiores
803 2050 1027 2145 rudioresque
1053 2060 1150 2132 sunt,

171 2173 204 2232 et
239 2161 330 2254 apud
362 2183 450 2254 qnos
476 2163 586 2232 omnis
613 2185 732 2234 sensus
758 2163 927 2256 dignitatis
954 2163 1054 2255 plane
1086 2185 1149 2234 ex-

170 2276 292 2346 tinctus
332 2281 404 2356 est,
443 2283 502 2344 ant
539 2276 598 2369 qui
630 2299 816 2369 numquam
842 2276 1003 2368 dignitate
1029 2275 1150 2346 morali

172 2389 279 2482 gavisi
304 2395 393 2458 sunt.
442 2389 488 2458 Et
513 2387 687 2480 quomodo
713 2388 816 2480 igitur
840 2387 924 2460 haec
940 2410 1053 2479 poena
1071 2407 1150 2456 sco·

174 2523 221 2596 po
246 2500 426 2594 proposito
451 2499 659 2591 respondere
683 2511 819 2593 posset,
854 2522 960 2594 quum
986 2521 1046 2570 eos
1072 2508 1149 2570 tan·

175 2622 248 2684 tum
288 2613 324 2682 in
365 2633 465 2682 sensu
500 2611 668 2704 dignitatis
702 2613 839 2684 moralis
872 2612 1005 2684 laedere
1040 2611 1150 2694 valet,

176 2724 236 2818 qui
267 2723 303 2792 in
334 2722 374 2794 iis
409 2746 478 2794 non
511 2724 647 2796 existit?
700 2725 795 2808 Quot
820 2735 898 2794 sunt
927 2724 1069 2796 malefici
1094 2749 1150 2794 er·

175 2857 298 2918 rones,
337 2837 409 2906 sinc
432 2837 632 2932 propinquis
658 2847 717 2908 aut
749 2837 921 2930 cognatis,
958 2837 994 2908 in
1027 2837 1149 2931 quibus

174 2972 283 3044 parva
318 2948 369 3018 vis
405 2949 541 3020 laedens
574 2951 674 3045 hujus
709 2975 841 3044 poenae
872 2950 981 3022 adhuc
1007 2972 1149 3022 evanes-

177 3065 240 3144 cit,
284 3085 389 3157 quum
425 3085 527 3155 saepe
560 3064 668 3156 ignoti
694 3073 773 3134 sunt
797 3065 900 3155 vrdgo
934 3064 1029 3157 quod
1061 3063 1148 3135 infa-

178 3177 280 3248 miam
305 3198 425 3246 eorum
450 3177 721 3268 contemplatur?

227 3288 398 3380 Propertio
424 3303 602 3372 accurato,
632 3291 766 3370 inemo,
792 3289 882 3357 dedet
906 3287 1041 3356 oculere
1067 3289 1150 3360 ianr

180 3425 366 3472 mensurum
384 3425 510 3493 poenae
535 3416 563 3472 et
588 3403 741 3472 oriminis.

228 3514 432 3607 Plerumque
482 3513 651 3606 expositio
695 3523 734 3582 nt
775 3513 969 3606 aggravatio
1011 3515 1149 3607 reliquis

180 3625 299 3716 poenis
326 3624 532 3719 adjungitur,
560 3626 620 3696 sed
636 3649 726 3696 nunc
750 3649 791 3697 ea
814 3626 850 3696 in
876 3626 1044 3698 abstracto
1067 3649 1150 3700 con-

56 3817 60 3825 ·
179 3737 356 3808 sideranda
381 3747 441 3808 est.
492 3738 607 3810 Utita
631 3739 666 3808 in
692 3738 860 3810 abstracto
887 3763 995 3833 aequa
1019 3742 1149 3814 ratione
1275 3815 1277 3820 ,

178 3850 386 3943 applicetur,
423 3849 470 3920 ita
503 3860 541 3920 ut
571 3852 750 3944 proportio
777 3851 888 3922 dehita
912 3851 999 3922 inter
1024 3855 1149 3926 crimen

179 3974 212 4058 et
234 3963 361 4034 malum
385 3961 546 4034 inflictum
572 3963 790 4054 observetur,
826 3984 913 4056 opus
940 3975 1030 4036 esset
1052 3991 1149 4038 men-

178 4099 257 4146 sura
289 4084 464 4158 accurata,
501 4099 569 4170 qua
603 4099 739 4148 sensum
773 4077 942 4169 dignitatis
974 4090 1008 4150 st
1032 4081 1149 4150 existi-

176 4189 332 4260 mationis
368 4188 579 4260 diversorum
613 4188 787 4260 hominum
819 4191 937 4262 meteri
961 4214 1149 4282 possemus.

989 4320 1033 4387 10
