2926 5034
629 514 673 580 25

164 693 233 762 lino
268 691 541 774 Potsdammum,
578 715 662 762 mox
686 703 798 762 autem
824 693 1035 784 Spandauw,
1071 718 1134 764 ex-

163 805 353 876 secutiones
392 805 572 878 translatae
609 815 697 878 sunt.
730 849 781 860 --
838 807 995 877 Attamen
1033 807 1141 888 mini-a

161 941 216 990 me
253 917 340 988 hanc
373 917 417 988 ob
443 940 579 988 causam
604 919 778 990 mutabant
802 918 916 988 locum
941 920 1134 991 exsecutio-

163 1053 268 1114 num,
299 1029 413 1123 potius
438 1029 516 1100 ideo
542 1032 715 1114 lecerunt,
745 1040 783 1102 ut
809 1031 972 1102 evitarent
995 1053 1134 1124 magnas

165 1143 444 1234 congregationes
468 1143 574 1236 plebis
599 1145 732 1214 intimae
758 1165 892 1236 semper
911 1143 1137 1235 periculosas,

165 1277 267 1348 quam
292 1255 336 1324 ob
361 1279 434 1326 rem
459 1255 559 1326 etiam
585 1256 720 1327 Parisiis
742 1255 979 1348 *exsecutiones
997 1255 1040 1328 ad
1053 1277 1137 1350 por-

164 1377 234 1440 tam
259 1369 317 1438 Sr.
343 1369 495 1446 Jacouns
521 1344 789 1458 erogabantur)

175 1521 181 1532 ·
213 1480 460 1570 Argumentum
482 1479 667 1549 multorum
683 1487 802 1548 contra
819 1477 1053 1550 exsecutiones
1070 1501 1136 1573 pu-

164 1590 267 1662 blicas
300 1591 382 1662 illud
408 1599 481 1674 est,
515 1591 609 1685 quod
632 1613 747 1660 mores
772 1591 927 1662 rudiores
954 1599 987 1661 et
1012 1591 1135 1662 crude-

164 1704 266 1774 liores
291 1702 458 1785 reddunt,
483 1702 576 1797 quod
599 1703 766 1774 minorem
783 1703 1040 1796 impressionem
1052 1727 1136 1797 pro-

168 1816 290 1886 ducere
314 1817 444 1899 valent,
471 1815 631 1908 quoniam
649 1825 856 1910 spectatores
872 1818 1062 1912 frequentia
1080 1840 1136 1890 as-

165 1940 324 2022 suescunt
349 1929 540 2022 spectaculo
567 1929 660 2022 quod
684 1937 818 2021 gratum
843 1929 898 2011 lit,
926 1939 959 2000 et
980 1931 1086 2000 risum
1104 1940 1138 2000 et

161 2042 343 2112 ludibrium
359 2042 527 2134 producit.
577 2042 705 2112 Dubito
727 2051 841 2112 tamen
856 2063 938 2110 num
955 2042 1135 2134 experien-

161 2155 212 2226 tia
237 2155 324 2226 banc
349 2155 545 2246 opinionem
570 2155 755 2226 confirmet.
806 2155 905 2226 Certe
929 2153 983 2226 bic
1008 2165 1042 2226 et
1070 2155 1136 2224 illic

163 2266 255 2359 apud
289 2266 522 2336 exsecutiones
556 2267 726 2357 publicas,
758 2267 910 2336 nonnulli
942 2267 1136 2336 incultiores

163 2389 197 2448 et
228 2377 383 2448 rudiores
415 2378 650 2460 inveniuntur,
684 2377 743 2471 qni
771 2399 841 2448 non
867 2387 906 2447 ut
932 2378 1137 2469 opportebat

167 2491 333 2574 deterriti,
354 2491 617 2584 'ignominiosam
642 2491 744 2564 animi
759 2489 907 2562 indolem
921 2490 1137 2560 ostenderent

164 2603 236 2674 risu
270 2613 303 2672 et
334 2603 498 2674 ludribrio
522 2604 727 2696 incongruo;
760 2603 1000 2674 nonnullorum
1025 2613 1137 2675 tamen
1246 2605 1260 2617 '

166 2716 334 2808 cynismus
360 2716 495 2784 minime
520 2715 685 2806 interpres
709 2714 882 2786 habendus
907 2725 980 2795 est,
1020 2738 1136 2788 sensa·

164 2827 266 2898 tionis
292 2837 326 2896 et
352 2827 488 2898 effectus
513 2827 548 2896 in
573 2827 693 2919 vulgus
719 2827 887 2919 producti.

213 2942 259 3012 Et
290 2963 569 3032 nunc-ponamus
596 2941 748 3010 ellectum
774 2939 999 3012 exsecutionis
1025 2940 1136 3032 publi-

169 3076 228 3124 cae
252 3054 543 3147 inspectatores,
574 3077 643 3123 non
669 3076 743 3124 esse
768 3053 947 3124 salutarem
972 3054 1137 3145 repressi-

170 3188 271 3236 onem
291 3169 345 3237 vel
366 3167 616 3238 deterritionem
632 3167 766 3260 qualem
785 3166 957 3258 legislator
973 3166 1036 3236 sibi
1053 3189 1137 3258 pro-

165 3279 333 3371 ponebat,
350 3303 431 3350 num
449 3291 529 3351 tunc
546 3280 779 3352 exsecutiones
795 3301 908 3348 coram
923 3278 1052 3370 populo
1065 3281 1139 3350 lac-

164 3401 220 3460 tae
246 3393 430 3484 culpandae
454 3402 553 3462 erunt
568 3392 603 3462 in
625 3391 717 3462 omni
730 3395 835 3462 casu‘l
885 3390 1021 3460 Minime
1034 3412 1137 3472 vero;

168 3503 302 3595 saepius
337 3515 409 3574 tum
442 3505 541 3597 culpa
562 3504 765 3599 ¹quaerenda
789 3511 841 3573 est
864 3503 900 3572 in
924 3502 1135 3594 legislatore,

165 3616 224 3710 qui
249 3617 366 3686 autin
391 3640 503 3710 poena
528 3618 698 3711 eligenda,
725 3625 783 3687 aut
806 3616 841 3686 in
866 3615 971 3686 modo
994 3638 1137 3688 exsecu-

166 3728 266 3798 tionis
293 3739 326 3799 et
350 3730 385 3800 in
409 3731 526 3800 lormis
552 3731 698 3801 externis
715 3729 929 3822 praescriptis
948 3729 1091 3802 errabat.

214 3845 395 3937 Praeterea
437 3843 670 3913 exsecutiones
712 3843 801 3912 intra
838 3863 954 3914 muros
992 3843 1137 3936 impres-

167 3957 297 4027 sionem
335 3958 515 4028 infaustam
557 3955 593 4024 in
632 3955 753 4048 vulgus
786 3954 988 4048 producunt.
1051 3957 1138 4027 Tum

168 4071 280 4142 statim
314 4071 349 4142 in
383 4068 583 4140 memoriam
614 4078 817 4140 revocantur
846 4067 973 4162 judicia
1006 4069 1138 4140 occulta

168 4206 258 4276 quae
285 4185 553 4277 Veemgeregten
588 4182 800 4263 dicebantur,
843 4181 1038 4276 Inquisitio,
1073 4191 1136 4250 oet.
