2926 5034
756 491 803 558 02

295 697 410 744 rosam
442 674 643 764 plermnqne
678 672 790 742 subire
823 675 968 755 mavult,
1007 685 1045 744 ut
1069 678 1171 748 vitam
1196 677 1261 745 mi-

295 785 471 856 serabilem
513 807 574 875 per
615 784 717 853 breve
757 786 902 876 spatium
935 788 1097 878 temporis
1133 789 1263 879 produ-

296 909 359 970 cat.
398 899 432 968 Si
457 897 628 979 malefico,
652 897 687 966 in
714 897 831 966 ultimo
858 910 1030 970 momento
1057 911 1134 972 ante
1160 923 1262 970 exse·

296 1013 465 1081 cntionem
491 1032 622 1102 poenae
646 1009 788 1090 mortis,
815 1009 892 1080 licet
918 1013 1040 1104 eligere
1064 1013 1151 1083 inter
1168 1035 1263 1082 mor-

295 1135 364 1194 tem
395 1133 429 1192 et
459 1131 627 1192 tormenta
651 1145 738 1214 quae
762 1122 866 1194 vitam
891 1147 960 1194 non
986 1126 1130 1206 tollunt,
1163 1135 1264 1194 natu-

295 1261 334 1308 ra
382 1236 416 1304 in
458 1235 524 1304 hoc
565 1244 738 1304 momento
781 1236 968 1328 cynismnm
1010 1248 1044 1308 et
1082 1238 1262 1310 vanitatem

294 1350 466 1430 vincente,
497 1369 700 1440 responsum
725 1370 844 1418 eorum
869 1349 1007 1420 dubium
1031 1371 1100 1420 non
1126 1351 1200 1420 erit.

344 1463 535 1536 Adversarii
558 1485 684 1552 poenae
709 1463 820 1530 mortis
846 1485 916 1534 eam
940 1479 977 1534 ot
1001 1466 1196 1558 inefficacem
1220 1464 1265 1532 cd

296 1577 378 1646 alios
403 1574 629 1644 deterrendum
653 1571 812 1660 rejiciunt.

345 1688 488 1755 Tentant
520 1682 666 1776 probare
704 1683 790 1752 hanc
822 1683 1086 1758 inefficacitatem
1124 1687 1266 1758 deterri-

296 1799 420 1880 tionis,
464 1795 625 1890 quoniam
659 1796 811 1887 quotidie
844 1798 954 1870 adhuc
989 1800 1108 1870 caedes
1141 1823 1265 1892 magno

245 1929 248 1934 '
295 1914 330 1982 in
375 1933 517 1982 numero
563 1910 848 1992 committuntur,
908 1935 1114 2005 quamquam
1155 1937 1268 2006 poena

295 2025 414 2095 mortis
449 2022 630 2093 constituta
663 2033 724 2091 est.
776 2024 843 2093 Sed
868 2048 1054 2117 numquam
1079 2027 1153 2098 talis
1179 2049 1266 2118 poe-

296 2161 341 2208 na
373 2137 452 2228 fingi
485 2134 630 2227 poterit,
673 2157 742 2226 qua
775 2137 889 2208 omnia
922 2139 1061 2210 crimina
1085 2163 1266 2210 evanesce·

296 2258 394 2327 rent;
436 2267 542 2339 scopo
575 2246 647 2339 jam
684 2249 890 2340 respondent
924 2274 1030 2343 quum
1064 2276 1104 2325 ea
1136 2253 1267 2322 frenant

298 2370 331 2432 et
354 2361 444 2454 leges
472 2369 639 2430 tueantur.

348 2474 504 2544 Tusciam
537 2468 712 2564 (Toscane)
749 2472 784 2540 in
820 2473 1011 2563 exemplum
1036 2473 1197 2554 afferunt,
1227 2483 1266 2542 ut

298 2587 366 2656 vim
384 2585 542 2675 exiguam
558 2582 783 2652 deterritionis
800 2583 900 2678 hujus
917 2607 1048 2676 poenae
1062 2585 1265 2678 probarent,

300 2697 460 2790 quoniam
477 2695 523 2765 ibi
540 2705 620 2787 post
638 2693 855 2767 abolitionem
876 2699 984 2768 ultimi
998 2699 1173 2792 supplicii,
1199 2723 1266 2770 nu·

298 2834 430 2882 merum
463 2809 616 2878 caedium
648 2831 718 2878 non
751 2821 886 2881 auctum
910 2811 1117 2892 invenimus;
1155 2826 1268 2884 tamen

299 2920 481 2992 adversarii
519 2920 678 2987 omittunt
715 2921 857 3001 addere,
897 2923 990 3013 quod
1026 2927 1194 2994 Lnoronn
1220 2926 1267 2994 'in

299 3033 420 3103 eodem
446 3038 588 3109 statuto,
616 3051 684 3120 quo
710 3029 864 3101 ultimum
882 3033 1083 3124 supplicium
1101 3036 1266 3118 abolevit,

300 3145 446 3214 declarat
495 3164 641 3232 poenam
687 3143 807 3212 mortis
849 3144 1000 3216 inutilem
1039 3169 1134 3232 esse,
1187 3173 1266 3220 nam

300 3255 419 3326 caedes
444 3276 514 3324 non
540 3264 669 3338 essent,
695 3279 782 3349 quae
808 3280 882 3328 eam
898 3259 1118 3352 requirerent.
1170 3263 1266 3346 Quae

300 3394 412 3464 poena
444 3369 503 3439 ubi
537 3391 617 3438 raro
653 3368 859 3460 applicatur,
899 3371 946 3441 ibi
978 3396 1048 3444 non
1080 3384 1118 3446 ut
1149 3401 1266 3448 exem·
1378 3455 1380 3462 ,
1453 3411 1456 3418 .

300 3484 396 3575 plum
447 3480 672 3551 deterritionis
710 3481 848 3574 majoris
887 3494 945 3554 aut
983 3487 1122 3559 minoris
1161 3491 1267 3583 accipi

301 3605 424 3688 potest.
476 3595 625 3673 Contra,
659 3593 841 3664 adversarii
866 3596 1063 3688 Hispaniam
1088 3612 1122 3672 et
1148 3603 1266 3672 Corsi.

302 3733 375 3779 cam
400 3729 536 3802 quoquc
562 3704 722 3786 afferunt,
759 3707 957 3798 praesertim
981 3711 1086 3794 hanc,
1123 3714 1182 3784 uhi
1206 3737 1269 3806 per

302 3823 349 3892 30
383 3841 490 3890 annos
524 3817 646 3887 28000
672 3818 790 3888 caedes
817 3823 1017 3894 commissae
1043 3835 1141 3904 sunt;
1180 3835 1270 3896 certe

301 3931 392 4004 nulla
416 3932 450 4000 in
475 3929 614 4022 regione
640 3930 764 3999 crimen
790 3933 900 4002 caedis
917 3933 980 4007 hac
996 3936 1030 4005 in
1047 3937 1270 4029 proportione

304 4069 379 4116 cum
405 4043 590 4113 incolarum
616 4064 757 4113 numero
783 4043 994 4128 invenimus,
1021 4057 1054 4117 et
1080 4059 1192 4121 tamen
1217 4051 1270 4122 ul-

186 4189 192 4198 ·
303 4162 421 4230 timum
465 4157 665 4249 supplicium
700 4158 790 4248 apud
823 4167 1003 4252 utrumque
1037 4163 1201 4254 populum
1235 4166 1268 4236 in
