2922 5024
761 495 829 562 ml

300 677 398 746 Certe
449 676 542 744 omni
585 684 741 766 respectu
783 675 847 746 hae
888 676 1114 748 institutiones
1158 679 1304 772 quales,

298 790 465 870 existunt,
499 788 742 880 improbandae
768 797 855 857 sunt.

344 903 496 971 Fuerunt
533 902 591 995 qni
624 903 681 994 jus
716 900 867 971 societati
900 901 1069 993 negabant
1102 903 1272 972 maleficos

296 1014 339 1084 ad
381 1035 487 1104 opera
527 1013 688 1105 eogendi,
735 1014 969 1084 tantummodo
1013 1014 1044 1083 ei
1078 1014 1271 1084 tribuebant

291 1128 348 1220 jus
390 1126 577 1196 libertatem
615 1127 792 1196 coercendi
828 1127 1102 1209 individuorum,
1149 1128 1271 1221 quibus

296 1239 385 1309 salus
424 1249 482 1308 aut
516 1239 611 1331 quies
647 1239 816 1310 societatis
850 1239 1117 1331 periclitabatur,
1161 1250 1199 1310 ut
1234 1264 1271 1310 se

294 1354 403 1444 ipsam
439 1351 565 1421 salvam
599 1353 772 1431 redderet;
807 1353 867 1422 sed
893 1375 998 1445 quum
1023 1375 1128 1444 opera
1154 1362 1273 1424 coacta

296 1489 373 1535 cum
411 1465 616 1534 coercitione
648 1465 810 1534 libertatis
845 1467 1024 1558 conjuncta
1058 1465 1169 1536 ideam
1195 1488 1269 1534 ser-

296 1578 410 1646 vitutis
453 1576 702 1668 producerent,
741 1578 895 1646 societati
936 1578 1018 1646 nibil
1051 1588 1187 1670 praeter
1215 1580 1273 1672 jus

294 1689 482 1760 libertatem
523 1688 659 1758 noxiam
703 1689 980 1780 constringendi,
1023 1691 1272 1761 concedebant.

294 1801 430 1873 Minime
455 1823 532 1870 cum
558 1801 599 1870 iis
624 1801 731 1882 facin,
764 1818 875 1897 neque
900 1802 1049 1895 intelligo
1075 1804 1142 1874 boe
1168 1827 1272 1897 argu·

295 1925 456 1985 mentum.

345 2029 506 2098 Carceres
539 2027 706 2118 inponunt
732 2027 885 2099 societati
909 2028 1079 2120 impensas
1105 2029 1271 2123 majores,

294 2151 328 2209 et
361 2163 474 2208 nonne
507 2161 655 2230 aequum
689 2149 762 2221 est,
801 2164 860 2211 eos
896 2141 955 2234 qui
988 2142 1185 2212 societatem
1210 2165 1272 2211 eo·

293 2263 377 2344 gunt
412 2252 497 2322 baec
533 2251 685 2324 instit'uta
719 2254 947 2336 constituere,
992 2277 1054 2325 sna
1086 2255 1160 2324 vice
1195 2255 1273 2347 cogi

295 2377 458 2459 quantum
490 2366 563 2436 fieri
596 2378 733 2458 potest,
768 2368 811 2437 ad
835 2367 1005 2456 impensas
1034 2368 1212 2438 solvendas
1239 2377 1274 2436 et

293 2487 468 2570 praeterea
501 2478 626 2546 victum
661 2478 894 2570 quotidianum
928 2478 1176 2571 quaerendum
1211 2489 1272 2548 aut

294 2590 433 2684 aequius
467 2598 578 2670 esset,
620 2589 709 2658 mille
735 2589 818 2659 alios
844 2589 997 2660 homines
1022 2591 1175 2685 proboS,
1211 2592 1269 2685 qui

295 2703 419 2772 victum
444 2701 678 2795 quotidianum
702 2703 845 2774 familiae
871 2729 1033 2798 quaerere
1060 2704 1181 2774 debent
1206 2728 1269 2774 eo·

293 2840 393 2908 gere,
419 2826 457 2884 ut
481 2815 516 2883 bi
541 2837 679 2907 quoque
700 2817 847 2905 graviter
870 2817 1064 2888 laborarent
1085 2819 1266 2888 commodo

293 2929 544 3005 maleficorum,
582 2926 640 3016 qui
672 2927 737 3014 ipsi
771 2949 844 2994 sese
878 2937 1065 2997 sustentare
1098 2939 1267 3019 possunt,

294 3039 354 3107 sed
387 3037 515 3106 malunt
548 3034 650 3104 otiosi
678 3044 717 3103 ut
741 3037 879 3127 parasiti
904 3039 987 3107 alios
1012 3025 1194 3130 premeres
1228 3043 1268 3110 ln

294 3150 379 3222 Cod.
413 3172 514 3242 poen.
549 3157 668 3217 nostro
704 3150 838 3232 futuro,
872 3151 1051 3222 admittunt
1075 3161 1114 3222 nt
1138 3153 1268 3224 maleli-

293 3265 324 3334 ci
349 3264 509 3358 operibus
536 3261 625 3344 suis,
657 3273 818 3356 quantum
843 3264 916 3333 fieri
941 3275 1073 3358 potest,
1099 3268 1268 3359 impensas

292 3386 421 3448 tentent
453 3397 683 3468 compensare.
735 3377 784 3446 cf.
818 3381 973 3449 Memoria
995 3405 1061 3450 con
1086 3383 1266 3473 toeliclttiup

293 3515 334 3583 op
372 3494 411 3560 dc
451 3492 516 3559 VII
545 3503 641 3558 cerate
675 3490 753 3558 titels
786 3514 850 3561 van
881 3494 932 3562 bet
955 3496 1125 3586 straswetb.
1153 3496 1266 3564 9·Fe-

291 3607 417 3696 bruorij
439 3605 541 3672 tolo.

339 3715 522 3784 Difficultas
550 3723 662 3784 autem
688 3713 751 3782 erit
776 3737 863 3806 opus
890 3726 1006 3809 aptum
1032 3718 1164 3811 eligere.

338 3831 377 3898 ln
411 3826 600 3898 carceribus
635 3828 823 3919 systematis
857 3829 1066 3902 Auburniani
1100 3841 1159 3901 ant
1184 3833 1264 3901 Vir-

288 3942 413 4034 giniani
455 3940 688 4011 tantummodo
728 3963 833 4032 opera
869 3943 980 4012 minus
1018 3944 1183 4025 molesta,
1231 3957 1265 4015 et

289 4065 419 4125 tantum
445 4053 622 4124 officinalia
647 4050 891 4147 (labrijlrmatig)
918 4057 1068 4125 adbiberi
1093 4068 1261 4148 possunt;

289 4169 354 4239 hoc
388 4169 490 4261 igitur
523 4191 628 4259 genus
668 4166 780 4259 operis
808 4177 857 4238 est
883 4178 1039 4259 gratum,
1079 4179 1129 4239 est
1154 4170 1261 4242 bene-

1436 1425 1448 1734 j
