2922 5024
768 505 835 572 122

311 689 438 760 facilius
487 693 686 778 assequetur
732 707 842 778 neque
881 685 1070 756 custodiam
1107 687 1284 756 molestam

310 802 447 884 reddet,
482 800 511 869 si
538 799 661 870 classes
687 819 756 866 non
781 798 1005 889 pluribusne
1033 801 1173 891 captivis
1199 822 1284 870 con-

311 915 515 994 stituantur,
550 933 620 1004 quo
654 910 753 979 simul
787 911 974 981 evitabitur'
992 913 1204 981 consuetudo
1228 911 1283 980 ni-

312 1028 376 1098 mis
404 1024 587 1118 generalis,
613 1045 716 1117 quam
740 1023 965 1114 perniciosam
991 1045 1066 1094 esse
1092 1024 1259 1093 novimus.

364 1141 463 1208 Doot.
497 1138 605 1218 Dreu,
647 1136 698 1204 vir
732 1137 925 1228 praeclarus
960 1138 1168 1229 experientia
1201 1136 1286 1205 doo-

316 1263 391 1334 tus,
433 1249 576 1319 sustinet
610 1248 818 1320 difficultates
851 1249 950 1343 hujus
984 1250 1173 1342 systematis
1191 1250 1286 1319 ,alla-

316 1375 368 1436 tas
402 1385 506 1457 supra
537 1361 677 1431 modum
708 1372 822 1433 auctas
857 1385 954 1444 esse,
989 1371 1023 1432 et
1056 1364 1152 1432 facile
1185 1385 1289 1454 prae-

316 1478 421 1571 ceptis
454 1475 554 1569 bujus
589 1475 779 1566 systematis
814 1475 992 1557 satisfieri,
1031 1476 1060 1546 si
1091 1499 1162 1546 non
1187 1475 1287 1546 nimis

318 1591 432 1660 stricte
457 1595 515 1656 aut
539 1585 749 1677 pusillanimo
777 1587 925 1678 exigitur
949 1586 1007 1682 (1).

365 1705 492 1772 Tamen
524 1721 710 1790 numquam
746 1707 893 1792 systema
924 1700 1018 1792 quod
1042 1701 1174 1770 Rornae
1198 1699 1290 1792 viget

315 1813 513 1887 imitandum
546 1820 621 1892 est,
659 1809 718 1880 nbi
751 1811 948 1882 incarcerati
979 1811 1149 1906 conjuncti
1174 1811 1289 1904 operi-

316 1931 380 2000 bus
418 1925 551 1998 rusticis
588 1924 792 2017 gratioribus
830 1935 973 2004 vaeant3
1021 1926 1050 1996 si
1082 1926 1166 1996 baec
1190 1925 1289 1995 insti-

317 2055 412 2114 tuere
438 2038 663 2118 voluerimus,
690 2047 762 2106 tum
786 2037 883 2107 labor
904 2039 1061 2130 gravior,
1088 2039 1205 2110 durior
1221 2039 1289 2108 im-

317 2154 494 2249 ponendus
529 2159 602 2231 est,
645 2159 683 2218 ut
716 2149 803 2219 infra
827 2143 1111 2242 praescribimus,
1145 2151 1294 2246 alioquin

315 2290 429 2361 poena
453 2263 650 2335 seclusionis
675 2263 716 2332 iis
744 2264 854 2334 minus
881 2265 1006 2335 malum
1031 2267 1105 2336 erit.

369 2378 555 2464 Quomodo
590 2386 702 2446 autem
740 2378 891 2446 nonnulli
930 2401 973 2445 ex
1006 2385 1187 2467 systemate
1216 2379 1293 2448 Au·

318 2495 484 2565 burniauo
519 2489 719 2558 deduxerint
753 2489 907 2557 ellectum
940 2487 1083 2556 noxium
1115 2487 1150 2556 in
1183 2489 1292 2557 facul-

319 2617 404 2678 tates
439 2601 628 2681 mentales,
670 2624 740 2670 non
772 2600 934 2694 intelligo.
960 2644 1010 2656 -·
1064 2601 1111 2693 Cf.
1144 2599 1292 2669 Deunrz

321 2737 349 2792 ct
388 2722 483 2791 Anna
521 2717 683 2795 Bnouur,
726 2703 862 2807 rapport
900 2739 958 2784 sor
993 2717 1036 2784 les
1068 2714 1294 2805 ponitentiores

321 2834 545 2923 d’Amert'puer
578 2831 614 2896 in
636 2830 716 2918 lolio
737 2851 772 2917 p.
799 2829 859 2896 55.

370 2939 626 3011 Conoludimus:
686 2939 841 3027 Systema
881 2937 1137 3007 Auburnianum
1183 2939 1293 3009 ratio-

319 3054 439 3125 naliter
477 3047 702 3118 adhibendum
735 3057 787 3117 est
818 3047 853 3117 in
887 3047 1075 3118 seclusione
1102 3049 1296 3121 diuturnio-

321 3192 378 3250 re,
422 3163 582 3235 classibus
631 3185 675 3231 ex
722 3161 838 3253 paucis
880 3161 1059 3231 individuis
1092 3186 1214 3256 nempe
1248 3168 1296 3235 25

323 3279 533 3360 constitutis,
586 3275 771 3346 dummodo
829 3297 900 3344 non
953 3276 1166 3368 pusillanimo
1217 3299 1304 3360 mo-,

324 3398 369 3467 do
410 3404 443 3465 et
482 3392 581 3463 nimis
620 3388 735 3459 stricte
768 3385 936 3460 silentium
963 3388 1154 3462 absolutum
1180 3391 1299 3484 exiga-

315 3645 589 3670 Μ

362 3841 411 3918 (l)
440 3839 484 3898 Cf.
512 3837 555 3896 Mt
585 3835 722 3908 Verona,
749 3837 888 3894 l’onmms
916 3851 945 3893 et
977 3837 1134 3910 Mosarna,
1162 3839 1297 3912 Rapport

325 3940 360 3990 de
391 3939 422 3988 la
455 3930 648 3989 b'cmmission
675 3934 726 3986 des
752 3925 878 3985 Priscus
894 3931 991 3995 583&
1021 3928 1170 4002 Bapports
1188 3935 1238 3985 des
1256 3935 1303 3986 di·

326 4027 451 4082 rections
469 4022 681 4091 caucanam,
708 4018 859 4077 cinnam
880 4018 968 4089 Osse,
995 4019 1172 4091 beonnam,
1199 4019 1298 4091 Loos,

327 4116 449 4188 Mesua,
477 4113 573 4183 lllott,
602 4112 750 4168 Bzauueu
780 4107 872 4180 1838,
903 4107 1091 4166 Discussions
1122 4133 1171 4167 sur
1199 4117 1229 4168 la
1257 4116 1297 4168 lvi

218 4221 222 4230 '
327 4215 376 4266 des
392 4207 526 4280 priscus,
555 4202 698 4259 Chambre
717 4207 766 4258 des
788 4206 883 4273 de'put.
907 4197 980 4257 1844
1001 4203 1018 4256 l.
1040 4203 1060 4257 l.
