2922 5024
652 481 715 552 131

242 667 280 736 ln
317 663 380 738 hac
411 664 593 746 divisione,
631 664 894 734 incarceratione
920 663 1090 734 communi
1115 661 1164 732 uti

190 779 286 860 licet,
318 801 396 850 uam
421 777 502 848 nihil
525 777 659 848 illorum
685 775 920 846 consuetudini
947 775 1059 846 obstat
1085 775 1163 846 uni-

190 915 298 964 verse.
361 893 487 961 Tamen
521 889 556 960 in
590 890 705 960 codice
743 889 877 982 poenali
913 899 1032 958 nostro
1070 890 1163 958 lutu-

191 1026 256 1086 no,
289 1003 396 1096 magis
429 1004 539 1096 placet
564 1002 707 1072 seclusio
733 1002 896 1072 cellulanis
921 1001 1047 1070 hocin
1073 1023 1164 1071 casu.

196 1118 243 1210 Cf.
268 1118 423 1188 Mancre
447 1140 512 1188 ooo
537 1117 717 1208 toeliclatiny
742 1141 783 1208 op
808 1119 847 1186 de
879 1117 941 1185 VII
964 1129 1060 1186 cerate
1085 1113 1164 1184 nitela

193 1253 258 1300 oon
283 1231 334 1302 laet
365 1231 463 1301 Wno.
490 1253 555 1300 oon
579 1230 699 1320 Strasc.
726 1231 749 1296 9
774 1230 869 1298 Febr.
895 1228 995 1297 4846.

458 1683 484 1754 C
508 1683 536 1752 L
561 1681 592 1752 Α
617 1683 640 1752 S
666 1681 688 1750 S
714 1683 729 1752 l
755 1682 777 1750 S
853 1682 894 1751 ll.

393 1913 643 1964 inonacnnnmo
670 1911 971 1962 conanouonnms.

580 2135 779 2169 -400-

245 2353 368 2423 Cancer
406 2348 460 2419 hio
494 2347 623 2418 duabus
658 2341 877 2418 divisionibus
913 2358 1067 2419 constare
1102 2351 1163 2422 de-

194 2465 271 2547 het,
317 2464 430 2535 altera¹
457 2461 639 2532 secundum
666 2469 813 2555 systema
836 2460 1078 2554 virginianum‚
1116 2463 1166 2535 al-

194 2587 266 2650 tera
292 2577 476 2647 secundum
501 2586 648 2668 systema
672 2574 928 2645 aubumiauum.

242 2692 283 2760 Α.
333 2689 457 2760 Dianio
484 2708 596 2756 corum
614 2688 671 2779 qni
686 2688 974 2756 incarcerationem
992 2691 1163 2760 correctio-

193 2806 301 2875 nolem
324 2803 431 2872 subire
457 2801 568 2869 debent
592 2821 614 2868 o
640 2799 661 2892 ξ
686 2821 787 2890 usqne
812 2800 857 2868 od
881 2801 907 2872 2
932 2821 1044 2869 onnon.

243 2919 280 2986 lu
313 2915 377 2985 hao
411 2911 575 2983 divisione
607 2918 791 3001 usurpetur
825 2921 972 3004 systema
1010 2915 1164 2987 cellulare

195 3029 449 3122 Virginiauum‚
485 3046 590 3117 quum
614 3022 761 3092 maxime
785 3023 925 3095 interest
949 3050 992 3096 nc
1016 3027 1103 3099 inter
1128 3053 1165 3100 se

196 3141 336 3212 malefici
362 3137 603 3208 consuetudine
624 3135 826 3228 jungantur3
857 3137 982 3208 hocin
1008 3165 1088 3212 casu
1115 3145 1165 3213 es-

196 3258 301 3325 fectus
340 3250 542 3344 perniciosi,
582 3248 749 3319 interdum
788 3271 806 3318 e
845 3251 1032 3322 seclusione
1064 3255 1163 3325 nimis

196 3367 363 3460 producta
392 3363 541 3433 solitaaia
565 3362 656 3444 nati,
691 3383 760 3431 non
785 3361 924 3432 timendi
949 3373 1045 3449 sunt,
1072 3367 1165 3461 quod

199 3478 339 3550 minoris
364 3476 526 3568 temporis
553 3487 613 3546 est.
639 3513 688 3524 -

248 3592 292 3660 Ut
338 3612 449 3682 poena
489 3589 536 3658 ihi
578 3587 765 3659 adhihenda
807 3598 880 3658 est:
918 3589 1045 3662 Gallula
1077 3594 1166 3664 Pen-

196 3707 280 3800 sylv.
337 3726 406 3773 sev.
453 3723 530 3772 cum
564 3725 670 3795 aquae
705 3710 739 3770 et
775 3702 871 3794 panis
909 3703 1040 3810 diaeta,
1096 3707 1168 3781 aine

196 3843 300 3912 opere
327 3819 407 3888 ullo.
457 3815 661 3906 Aggnavatio
678 3812 777 3908 hujus
795 3837 943 3906 poenae:
970 3819 1087 3891 cellula
1104 3821 1168 3891 oh·

196 3957 304 4002 scura.

245 4047 283 4114 B.
333 4045 456 4114 Dio-isio
499 4067 609 4113 eorum
648 4043 705 4136 qui
717 4129 724 4138 .
734 4063 875 4133 poenam
909 4047 1169 4116 correctionolcm

197 4159 305 4228 subire
332 4159 443 4228 debent
467 4183 489 4228 o
513 4159 538 4230 2
563 4179 663 4248 usqne
689 4157 734 4225 acl
758 4157 780 4222 5
806 4177 917 4224 canoa.
