2922 5024
196 708 320 781 quere,
363 687 433 756 imo
467 688 582 781 potins
617 705 732 760 ansam
759 687 840 760 dare
864 683 1075 758 irrisionibus
1099 683 1166 752 im-

194 799 369 894 portunis,
405 821 492 893 quae
520 801 674 872 ellectum
699 801 789 894 apud
813 799 994 871 nonnullos
1019 797 1168 891 produc·

193 924 287 996 tum,
311 911 410 1006 plane
436 913 646 1006 extinguunt.
697 915 837 1007 Saepius
863 913 954 984 adfui
979 908 1168 1004 expositio-

194 1027 312 1109 nibus,
351 1047 439 1118 quae
475 1027 644 1098 nonnullis
681 1028 765 1098 locis
791 1027 988 1121 praesertim
1012 1020 1168 1094 nundinis

194 1139 384 1210 forensibus
410 1137 651 1236 (marktdagen)
677 1141 907 1210 instituuntur.
955 1137 1084 1230 Vulgus
1111 1155 1167 1204 cas

194 1252 408 1322 considerare
442 1253 530 1322 solet
562 1263 600 1323 ut
634 1255 859 1346 spectaculum
889 1254 1067 1348 jocosum,
1101 1269 1167 1317 un·

194 1363 293 1459 dique
342 1363 516 1434 irrisiones
562 1365 777 1458 importunae
822 1368 1059 1460 proferuntur,
1104 1383 1167 1429 nec

190 1499 341 1570 unquam
383 1477 537 1548 effectum
581 1500 682 1568 quem
719 1481 868 1551 lautores
902 1478 1002 1572 hujus
1035 1493 1167 1567 poenae

191 1591 256 1662 sibi
279 1590 537 1683 proponebant,
564 1590 754 1663 observavi.

240 1705 350 1774 Poena
387 1706 476 1774 debet
506 1705 687 1797 maleficum
712 1721 870 1799 quactum
892 1705 966 1798 fieri
985 1713 1087 1794 potest
1111 1700 1165 1766 io-

190 1841 331 1887 accuum
355 1819 513 1896 reddere,
540 1830 570 1886 et
593 1817 797 1888 ameliorare.

238 1930 338 2000 Certe
386 1928 498 2020 primo
551 1927 716 2022 requisito
771 1951 883 2022 poena
941 1920 1164 2020 expositionis

187 2040 323 2112 minime
374 2041 564 2111 satisfacere
618 2050 750 2133 potest,
808 2041 1006 2135 plerumque
1052 2043 1164 2106 autem

187 2175 263 2223 cum
317 2151 580 2224 incarceratione
627 2155 807 2248 conjuncta
851 2164 921 2236 est,
972 2150 1032 2222 sed
1076 2167 1166 2217 nunc

186 2288 333 2359 poenam
372 2267 463 2337 illam
505 2268 739 2338 tantummodo
780 2267 814 2338 in
848 2266 1017 2338 abstracto
1051 2257 1164 2332 consi-

189 2378 355 2449 decamus.

236 2492 327 2560 Num
363 2492 507 2562 fortasse
551 2494 621 2563 vim
667 2493 847 2565 salutarem
895 2492 931 2560 in
973 2484 1161 2558 maleficum

78 2607 83 2618 “
187 2602 382 2670 exercebit?
431 2607 553 2675 Nonne
578 2606 693 2699 pudor
717 2627 795 2676 eum
820 2604 863 2674 ad
887 2600 1160 2675 meditationem,

185 2713 357 2782 meditatio
384 2715 426 2785 ad
450 2719 708 2810 poenitentiam,
735 2726 768 2786 ct
784 2715 990 2808 poenitentia
1006 2713 1049 2782 ad
1066 2731 1160 2780 ame-

183 2824 396 2896 liorationem
429 2831 591 2900 moralem
616 2829 807 2924 perducet?
859 2824 1073 2899 Contrarium
1090 2819 1157 2890 ob·

180 2937 276 3008 tinet.
327 2941 471 3024 Quando
496 2943 544 3015 ita
564 2944 635 3038 jam
661 2943 863 3036 depravatus
889 2949 940 3011 est
963 2947 1002 3009 ut
1025 2935 1155 3006 nullum

184 3073 322 3124 sensnm
347 3055 514 3148 dignitatis
539 3055 683 3138 babeat,
716 3065 789 3126 tum
813 3054 945 3148 pudore
971 3049 1057 3123 affici
1081 3069 1152 3118 non

183 3165 331 3257 poterit,
353 3177 391 3236 ct
413 3190 525 3260 poena
549 3168 633 3240 haec
658 3167 801 3260 simplex
825 3169 935 3236 forma
961 3164 992 3234 ei
1017 3162 1090 3232 erit.
1103 3203 1153 3214 -

182 3277 217 3348 Si
248 3278 361 3370 pudor
393 3280 502 3352 omnis
538 3303 616 3352 eum
648 3281 799 3353 nondum
824 3277 980 3371 reliquit,
1019 3274 1048 3346 si
1073 3293 1151 3342 sese

181 3389 290 3459 adbuc
331 3391 528 3462 ameliorare
561 3401 696 3486 potest,
738 3402 811 3462 tum
843 3390 926 3462 hacc
962 3383 1149 3458 humiliatio

180 3501 331 3594 publica,
372 3503 456 3574 haec
481 3497 659 3576 defamatio
684 3503 828 3586 inutilis,
861 3487 1041 3590 ¹scintillam
1064 3496 1148 3568 ulti·

180 3637 270 3684 mam
320 3614 487 3708 dignitatis
530 3640 647 3688 sensus
690 3618 873 3710 extinguet.
936 3610 1151 3686 Conscientia

182 3723 338 3800 insamae
371 3751 452 3802 suae
487 3754 577 3802 nunc
608 3731 643 3800 in
676 3730 872 3800 societatem
904 3729 1079 3821 prolatae,
1118 3733 1152 3794 et

181 3838 274 3930 qnod
299 3848 337 3908 ut
360 3841 492 3914 infamis
518 3843 676 3912 omnibus
700 3842 877 3934 expositus
904 3850 975 3923 est,
1009 3839 1151 3910 sufficiet

178 3950 221 4020 ad
255 3973 390 4024 omnem
428 3975 563 4026 sensum
602 3955 769 4048 dignitatis
807 3953 963 4036 moralis,
998 3955 1027 4024 si
1060 3951 1152 4023 exis-

184 4071 249 4145 tat,
299 4065 398 4157 plane
436 4065 623 4138 delendum.
687 4066 825 4137 lnlamia
861 4065 985 4138 notatis
1026 4063 1155 4133 nullum

182 4177 350 4250 vinculum
388 4189 500 4252 manet
538 4181 629 4272 quod
678 4203 737 4250 cos
775 4203 851 4250 curn
884 4179 924 4248 iis
962 4174 1152 4248 horninibus
