2922 5024
768 477 815 544 9AE

301 675 413 727 nnrrn
456 657 600 727 Gonnus
642 657 773 749 pudore
807 661 1000 745 erubuisse,
1044 667 1137 760 quod
1167 672 1278 740 carni·

297 772 354 840 fex
379 779 459 862 post
484 769 735 840 exsecutionem
762 772 891 864 populo
918 779 1150 867 exponebat!!

346 881 460 953 Mons.
486 883 507 952 l.
525 883 547 952 l.
575 884 644 977 egit
668 884 768 956 etiam
795 887 837 956 dc
863 890 1135 965 contorsionihus
1157 899 1271 979 faciei,

296 1017 385 1090 quae
417 996 569 1066 motione
602 998 779 1067 oculorum
814 1007 849 1068 et
873 1004 1122 1091 musculorum,
1158 1013 1272 1102 aperi-

296 1109 391 1178 endis
426 1131 488 1178 ore
520 1119 554 1180 et
585 1108 681 1180 labiis
707 1109 1020 1198 manifestarentur,
1058 1121 1117 1190 sed
1142 1145 1274 1215 nequa-

297 1243 399 1313 quam
441 1221 525 1292 haec
566 1222 804 1294 conscientiam
842 1225 894 1296 sui
932 1239 1084 1313 exstare,
1126 1235 1273 1326 probare

298 1343 443 1425 possunt
468 1332 479 1429 (
503 1333 524 1428 ).

347 1445 447 1516 Certe
489 1447 530 1515 de
564 1447 616 1516 his
651 1457 787 1518 exstant
820 1450 930 1522 adhuc
963 1456 1089 1528 multae
1122 1457 1274 1532 theoriae

298 1557 450 1627 diversae
476 1567 509 1626 et
533 1557 718 1638 mirabiles,
744 1560 914 1632 interdum
939 1587 1077 1659 quoque
1102 1569 1274 1662 hypothe.

297 1691 351 1737 ses
386 1668 599 1738 doctissimae
631 1670 769 1753 forsan,
808 1696 892 1766 quas
927 1679 1160 1766 praetermitto
1185 1707 1276 1777 quo-

297 1781 388 1852 niam
424 1781 513 1851 vires
538 1803 631 1854 meas
658 1794 837 1875 superant,
875 1789 1075 1878 praesertim
1102 1815 1207 1885 quum
1233 1798 1276 1868 ad

295 1893 399 1964 verba
430 1894 664 1966 Escununsxn
698 1897 854 1968 attendo:
901 1901 950 1992 Of.
976 1901 1106 1973 Kuurn.
1132 1909 1275 1982 unroco

297 2009 410 2080 cnoel.
444 2012 470 2101 f.
505 2032 530 2077 s.
566 2029 597 2078 o.
624 2008 654 2076 a.
680 2011 794 2078 Berlin
818 2013 918 2082 1804.
971 2065 994 2104 „
1019 2015 1106 2086 Dass
1131 2016 1179 2088 im
1206 2021 1274 2090 Ge-

297 2169 322 2209 „
345 2120 420 2189 hira
453 2119 523 2188 und
548 2119 809 2213 Nervensystem
834 2123 909 2194 eine
935 2125 1110 2200 clastische
1135 2133 1275 2204 Materie

297 2281 320 2323 „
346 2229 488 2312 wohne‚
513 2230 641 2302 welche
665 2233 721 2304 bei
746 2259 851 2330 queer
876 2238 1169 2314 durchschittenen
1181 2247 1274 2316 Ruc-

297 2396 320 2437 „
346 2343 510 2414 kenmark
554 2354 716 2439 vermoge
757 2349 848 2419 ihrer
888 2351 1076 2424 Elascizitat
1117 2357 1291 2448 plotslich1

300 2509 323 2548 „
350 2456 556 2527 eutweichen
582 2459 727 2526 musse.”

349 2569 466 2637 Potius
509 2577 719 2640 transeamus
763 2571 806 2642 ad
848 2573 1097 2666 experimenta,
1149 2579 1271 2672 quihus

259 2760 264 2766 ,
298 2681 448 2752 fautores
491 2683 718 2754 Souunmucu
755 2685 950 2777 opinionem
982 2691 1151 2781 prolatam
1188 2716 1273 2764 con-

298 2796 432 2866 firmare
456 2805 605 2877 tentant,
637 2819 724 2888 quae
750 2799 851 2870 etiam
875 2802 917 2870 ab
943 2803 1164 2888 adversariis,
1199 2807 1271 2878 aliis

299 2907 536 2998 experimentis
586 2908 785 2990 contrariis,
828 2922 1091 3004 oppugnantur.
1183 2921 1272 2990 Eece

299 3027 438 3088 eventus
464 3015 683 3108 principales3
725 3037 814 3088 anno
846 3023 962 3103 1802,
1004 3025 1048 3092 Dr
1073 3026 1212 3098 Wnrcnr
1238 3030 1274 3100 in

296 3129 454 3210 Breslau,
489 3135 522 3197 et
552 3127 665 3208 1804,
701 3128 911 3214 Gomorra,
942 3155 1075 3206 xsucnn
1102 3148 1136 3208 ct
1159 3161 1272 3214 unnim

297 3241 473 3336 sequentia
510 3250 757 3312 annotaverunt
790 3243 831 3312 de
865 3247 1104 3338 experimentis
1136 3252 1272 3326 institu-

297 3356 359 3438 tis,
396 3355 432 3425 iu
462 3354 625 3447 capitibus
650 3377 768 3424 recens
793 3359 973 3430 truncatis:
1024 3363 1136 3457 Caput
1162 3369 1271 3438 sensi.

292 3521 566 3540 m

336 3627 384 3703 (l)
424 3647 438 3680 n
459 3625 502 3701 0p
541 3631 631 3702 grond
660 3650 791 3688 waarvan
828 3648 888 3692 met
917 3645 1010 3717 eenige
1038 3645 1182 3703 zeirerheid
1207 3667 1271 3724 mag

295 3719 445 3774 uuerden
472 3737 662 3793 aengenomen
689 3723 739 3778 dat
766 3725 830 3781 dene
859 3730 1033 3802 galvanische
1061 3739 1186 3813 werking
1211 3741 1271 3794 niet

169 3851 171 3855 s
294 3827 405 3864 »mser
432 3812 464 3882 xij
493 3829 560 3866 eene
583 3811 757 3886 galvanisehe
776 3815 903 3874 vitrici?
931 3825 1033 3894 quid?
1064 3847 1130 3883 eene
1147 3839 1205 3884 met
1224 3849 1271 3903 ge·

294 3919 309 3953 s
329 3900 391 3956 voel
410 3919 446 3956 en
465 3900 628 3975 bewustnijn
646 3904 737 3977 plaats
755 3909 898 3980 grijpende
917 3915 1041 3990 werkinp
1069 3938 1125 3974 van
1145 3918 1193 3974 het
1212 3939 1270 3995 neg

295 4011 309 4044 o
328 3991 387 4046 niet
414 4000 464 4045 ten
492 3994 652 4048 eenenmale
691 4014 726 4050 en
753 3997 896 4072 geheellijlx
924 4006 1128 4078 uitgehluschte
1158 4010 1270 4084 dierlijk

295 4103 309 4136 u
330 4077 481 4158 (animale)
509 4085 636 4140 noemin
654 4085 695 4140 als
714 4085 904 4164 bewerlrtuigd
924 4091 1098 4173 (organisch)
1119 4100 1207 4157 leven.
1228 4134 1267 4145 -

336 4173 371 4231 A.
392 4170 483 4230 Mene.
517 4172 531 4228 Ιγ
551 4174 616 4230 stuli
636 4173 778 4235 Maendw.
798 4181 849 4236 der
867 4179 932 4240 Ger.
954 4183 1021 4243 Gen.
1043 4185 1133 4246 tmh.
1157 4187 1242 4250 1842.-
