2922 5024
781 509 828 576 76

312 692 345 760 in
372 687 536 758 medicina
559 687 697 782 sorensi)
722 686 788 782 (1),
814 699 1012 780 sequentem
1038 691 1284 762 distinctionem

313 801 390 872 iecit
414 801 448 870 iu
475 799 644 891 positione
670 802 802 872 diversa
826 802 961 894 laquei:

364 917 395 984 1.
447 913 563 996 Quum
592 914 733 1006 laqueus
758 917 828 983 fere
853 913 1071 988 horizontalis
1097 918 1286 1010 applicatur

312 1027 346 1098 in
370 1027 509 1122 larynge
533 1026 608 1119 ipsa
633 1035 690 1096 aut
713 1027 800 1097 infra
824 1050 898 1098 eam
926 1028 984 1098 sed
1006 1052 1135 1122 prope,
1162 1040 1195 1100 et
1212 1041 1284 1100 tum

311 1257 543 1271 *mn—n-

352 1403 399 1482 (l)
427 1403 488 1464 tir.
519 1403 561 1462 Cl.
582 1403 685 1463 Rauen
703 1409 734 1463 in
752 1406 889 1477 breslau,
924 1425 1035 1481 quoque
1054 1406 1088 1462 de
1106 1406 1150 1461 his
1168 1406 1287 1460 meritus

314 1505 373 1566 est3
404 1499 434 1552 in
459 1515 517 1569 quo
545 1497 693 1552 observare
716 1516 866 1570 possumus
884 1499 973 1570 qualis
991 1497 1142 1572 prudentia
1161 1497 1289 1568 requira-

313 1596 382 1655 tur,
410 1603 447 1640 ne
465 1585 553 1638 oculis
580 1586 681 1641 clausis
699 1587 892 1642 conclusiones
911 1589 1112 1656 admittamus,
1140 1603 1173 1643 ex
1191 1586 1289 1642 relati-

317 1675 419 1730 onibus
443 1674 557 1730 medieis
586 1685 672 1730 ortas.
711 1672 772 1734 Vir.
793 1673 835 1730 cl.
854 1675 960 1732 Rauen
978 1679 1096 1734 statuite
1125 1695 1286 1748 numquam

314 1766 536 1834 sugillationem
555 1766 627 1819 oriri
643 1785 748 1837 posse,
775 1777 843 1837 post
865 1778 1043 1822 momentum
1069 1786 1124 1839 quo
1143 1785 1221 1821 mors
1237 1785 1288 1820 ac·

315 1857 425 1912 eiderit.
464 1852 500 1910 In
520 1851 662 1911 Scaurum
682 1853 785 1914 Jahrb.
811 1857 829 1912 l.
851 1858 869 1913 Ι.
911 1853 998 1912 Orfila
1027 1867 1056 1912 et
1084 1855 1191 1932 Caspar
1220 1875 1290 1912 oon·

314 1948 436 2002 tranium
455 1947 619 2002 admittunt.
657 1943 719 2004 Vir.
740 1943 782 2001 cl.
801 1945 906 2002 limen
930 1949 993 2001 vult
1010 1944 1074 2002 lum
1094 1948 1186 2003 solnm
1204 1947 1289 2021 sugil-

313 2038 487 2112 gillationem
513 2039 580 2092 oriri
607 2055 705 2110 posse,
733 2053 822 2108 quum
850 2039 973 2110 spatium
991 2040 1127 2111 temporis
1145 2038 1289 2110 quoddam

315 2129 391 2182 inter
407 2129 622 2200 applicationem
640 2127 731 2197 laquei
765 2135 793 2180 et
813 2137 935 2182 mortem
955 2128 1087 2184 elabitur.
1127 2125 1204 2184 Num
1223 2145 1288 2202 ergo

315 2216 346 2270 in
371 2215 545 2290 sugillatione
574 2234 687 2270 omnem
716 2216 865 2272 laesionem
893 2237 970 2274 mere
989 2218 1181 2274 mechanicam
1199 2217 1290 2290 laquei

315 2303 425 2377 rejicit?
452 2302 535 2362 Nune
554 2307 728 2377 observavit,
748 2305 790 2380 (et
808 2318 883 2362 certe
901 2328 1018 2382 maguae
1036 2310 1212 2364 auctoritatis
1231 2316 1291 2379 est,

315 2407 435 2470 propter
457 2417 592 2472 magnum
609 2415 761 2452 numerum
782 2401 938 2452 sectionum
957 2415 1027 2468 quas
1044 2398 1201 2471 instituit),
1227 2397 1289 2469 ple-

316 2504 418 2559 rasque
447 2488 634 2560 sugillationes
664 2487 782 2540 inveniri
811 2488 886 2540 iuter
910 2487 1053 2559 laryngem
1081 2497 1111 2540 et
1146 2487 1290 2541 maxillam

316 2577 496 2642 interiorem,
524 2577 644 2629 rariores
671 2577 702 2630 in
723 2575 855 2650 larynge,
882 2577 1020 2632 rarissime
1038 2576 1113 2632 inira
1135 2576 1288 2650 laryngem.

318 2661 391 2739 Ergo
412 2666 433 2720 si
453 2663 503 2720 has
521 2665 728 2722 observationes
757 2686 822 2722 cum
853 2668 890 2722 eis
918 2685 988 2740 quas
1007 2663 1190 2722 Fnrrscnutu
1210 2669 1289 2722 insti-

318 2756 375 2810 tuit
396 2757 472 2811 inter
500 2775 528 2811 se
556 2757 744 2829 conserimus,
771 2759 952 2814 observamus
971 2768 1093 2824 mortem
1114 2759 1290 2814 celerrimam

320 2865 378 2903 esse
401 2847 514 2919 quando
546 2857 734 2920 symptomata
754 2849 914 2922 asphyctiea
934 2851 1074 2918 eminent,
1102 2853 1196 2906 minus
1218 2850 1290 2905 cele-

317 2955 379 2990 rem
398 2937 512 3006 quaudo
529 2945 717 3007 symptomata
746 2939 938 3010 apoplectiea,
966 2939 1152 2993 tardissimam
1175 2940 1290 3011 quando

318 3033 508 3098 symptomata
533 3023 707 3096 apoplectica
731 3033 759 3078 et
782 3024 941 3098 asphyetica
963 3027 1115 3098 conjuncta
1134 3029 1291 3084 inveniun-

319 3124 377 3168 tur.

356 3198 540 3275 Nequaquam
560 3201 728 3276 sugillationi
745 3203 801 3258 tale
820 3214 997 3260 momentum
1013 3207 1138 3263 tribuere
1158 3227 1290 3281 possum,

318 3295 340 3349 si
363 3295 479 3350 attendo
509 3295 545 3349 ad
564 3295 738 3349 influentiam
761 3313 847 3367 quam
875 3298 1088 3354 constitutiones
1111 3300 1233 3356 diversae
1259 3303 1290 3356 in

320 3405 382 3442 eam
401 3405 527 3441 exercere
547 3385 676 3451 valeant3
695 3405 721 3440 v.
744 3382 777 3440 c,
809 3383 844 3440 In
862 3389 1006 3443 nonnullis
1023 3393 1290 3461 constitutionibus,

318 3479 349 3532 in
382 3477 527 3532 nonnullis
565 3477 672 3530 morbis
699 3476 807 3531 facilius
836 3473 993 3550 Echymosa
1028 3484 1181 3554 oriuntur,
1218 3503 1289 3557 qnae

273 3611 275 3619 Α
319 3568 505 3639 aliquomodo
545 3583 610 3619 cum
645 3566 819 3640 sugillatione
848 3569 1024 3642 aequiparari
1048 3583 1180 3644 possunt;
1209 3593 1235 3630 v.
1263 3593 1288 3629 c.

318 3661 350 3711 in
370 3656 497 3709 febribus
514 3652 740 3742 exanthematicis
758 3656 977 3729 petechialibus,
996 3681 1155 3736 purpurea,
1173 3664 1292 3718 morbil·

321 3745 374 3812 lis,
392 3743 561 3810 scarlatina,
579 3753 652 3810 cet.;
670 3746 700 3799 in
720 3747 967 3805 constitutionibus
989 3753 1171 3822 cacheeticis,
1192 3764 1245 3808 cet.

359 3829 506 3888 Praeterea
537 3835 621 3888 etiam
652 3833 735 3889 laesio
762 3837 855 3909 aliqua
881 3857 958 3894 mere
983 3843 1164 3913 mechanica,
1192 3845 1291 3916 laqueo

321 3924 473 3980 tribuenda
500 3933 550 3980 est.
597 3922 640 3980 (ll.
661 3923 785 3982 Hunnn's
816 3925 959 3985 Zeitsebr.
978 3929 1025 3988 ΙΙΙ
1052 3936 1148 4002 band,
1175 3932 1208 3991 B.
1237 3949 1292 3990 vute

320 4009 467 4083 Solutus,
494 4011 640 4070 Moment.
671 4017 702 4069 in
718 4013 832 4088 Aptior.
871 4018 982 4076 Boutttt.
1003 4027 1038 4077 de
1064 4020 1153 4094 Uogn.
1171 4035 1200 4078 et
1220 4044 1292 4080 cura

319 4109 408 4160 morb.
435 4115 502 4160 tom.
535 4104 558 4161 I.
591 4129 620 4178 p.
650 4103 724 4175 539,
760 4106 869 4165 Bonan.
894 4116 987 4182 procl.
1016 4119 1101 4169 acad.
1137 4126 1204 4171 tom.
1238 4115 1293 4183 VI,

316 4218 346 4265 p.
366 4191 405 4252 82
423 4217 462 4268 sq.
871 4205 874 4210 ’
