2926 5034
770 471 943 564 at'

308 697 402 753 rum;
437 697 568 766 poenae
593 677 791 770 psychicae,
818 699 878 747 eos
903 701 973 748 non
999 701 1105 774 aeque
1130 680 1281 752 deterre-

306 787 409 870 bunt,
451 789 612 882 quoniam
653 790 817 862 moralem
854 800 985 862 tantum
1024 815 1161 864 sensum
1194 796 1281 866 allli-

306 911 409 994 gunt,
453 903 511 996 qui
553 913 612 972 aut
652 904 762 974 minus
805 913 863 975 aut
903 929 1118 1000 nequaquam
1155 908 1279 978 existit.

306 1008 368 1105 (Cf.
387 1014 428 1084 de
445 1014 497 1086 bis
516 1039 556 1086 ea
573 1039 660 1110 quae
678 1016 787 1088 dicam
804 1017 847 1089 ad
864 1040 1010 1111 poenam
1023 1019 1279 1114 Expositionis).

305 1126 453 1196 Effectus
483 1128 635 1200 diversus
661 1145 849 1222 poenarum
873 1155 942 1201 non
970 1131 1200 1224 dijudicandus
1227 1143 1279 1204 est

306 1262 351 1308 ex
384 1241 486 1310 animi
513 1242 643 1314 cultura
669 1243 844 1316 bominum
868 1244 1123 1327 humaniorum,
1157 1245 1278 1315 sedin

300 1349 442 1444 judicio
463 1354 614 1445 practico
648 1366 683 1426 et
716 1377 800 1427 vero
832 1357 1053 1439 descendere,
1091 1367 1125 1426 et
1147 1378 1211 1426 nos
1237 1357 1279 1426 iis

302 1464 486 1535 assimilare
512 1466 682 1536 debemus.

351 1577 450 1647 Certe
474 1598 606 1668 poenae
631 1577 811 1671 psychicae
838 1603 926 1673 quae
943 1582 1179 1652 tantummodo
1199 1605 1278 1654 sen-

300 1711 376 1759 sum
399 1690 581 1771 moralem,
617 1690 675 1784 qui
699 1691 735 1760 in
759 1691 918 1762 maleficis
945 1693 1049 1786 vulgo
1075 1695 1186 1766 minus
1214 1721 1276 1768 ex-

297 1801 391 1884 istit,
423 1802 557 1873 laedere
581 1814 748 1896 possunt,
778 1827 849 1874 non
873 1805 1017 1877 multum
1047 1807 1159 1878 valent
1190 1831 1275 1880 oon-

298 1925 351 1986 tra
385 1917 564 1988 eommoda
588 1917 728 2011 physica
752 1942 839 2014 quae
865 1919 1002 1988 erimine
1027 1921 1272 2011 producuntur.

297 2028 394 2098 Multi
428 2028 495 2099 boc
533 2031 734 2123 principium
774 2031 1017 2114 condemnant,
1056 2033 1182 2126 quippe
1218 2035 1272 2104 in-

298 2135 435 2231 dignum
467 2142 641 2214 nobilitate
673 2143 839 2227 bominis,
875 2145 910 2214 in
939 2143 1009 2214 vita
1034 2151 1146 2216 tamen
1172 2169 1272 2240 prac-

297 2252 364 2324 tica
387 2255 540 2325 videmus
565 2280 638 2328 rem
664 2280 701 2327 se
726 2257 784 2327 tali
810 2257 915 2328 modo
940 2256 1075 2328 babere.

344 2367 400 2438 Ex
424 2369 702 2461 praecedentibus
728 2393 790 2461 per
816 2393 853 2438 se
877 2379 988 2460 patet,
1017 2371 1273 2440 exsecutionem

295 2480 464 2571 publicam
495 2504 646 2573 poenae,
681 2491 772 2550 arcte
799 2503 875 2548 oum
900 2479 969 2548 boc
992 2480 1158 2572 principio
1186 2504 1271 2551 con-

290 2592 447 2683 junctum
481 2615 566 2662 esse.
618 2591 718 2686 (lnlra
745 2591 995 2662 exsecutionem
1021 2593 1190 2686 publicam
1215 2595 1270 2664 ul-

292 2704 366 2774 timi
391 2705 545 2798 supplicii
568 2703 877 2801 perscrutabimur.)

341 2819 580 2890 Recentiorum
622 2830 734 2890 tamen
773 2821 951 2911 opiniones
987 2819 1029 2890 de
1061 2819 1128 2892 hoc
1161 2843 1265 2912 argu-

291 2941 407 3001 mento
433 2932 529 3000 valde
557 2931 722 3000 differunt.
776 2932 875 3000 Anno
901 2931 1122 3022 praecedente
1147 2933 1266 3001 Minis-

291 3052 344 3111 ter
371 3045 544 3112 Lrnnsnlu
568 3043 601 3112 in
631 3040 781 3110 Saxonia
805 3042 1003 3134 proposuit,
1038 3052 1076 3110 ut
1104 3043 1266 3112 condem-

291 3154 384 3227 natio
409 3177 524 3226 coram
545 3153 647 3246 vulgo
665 3155 892 3246 proferretur,
916 3153 975 3222 sed
993 3155 1166 3226 exsecutio
1179 3155 1267 3226 intra

291 3291 409 3338 muros
455 3269 695 3361 perficeretur;
744 3268 838 3360 quod
878 3267 1092 3359 propositum
1128 3276 1265 3350 tamen,

292 3391 326 3450 et
361 3381 498 3476 quidem
531 3391 645 3462 recte,
678 3379 840 3474 rejectum
874 3389 935 3448 est.
986 3381 1047 3450 Vir
1073 3381 1122 3451 Cl.
1147 3382 1288 3452 Fnsnz.

289 3497 409 3566 Lunun
432 3496 466 3566 in
494 3494 688 3574 Columbia,
704 3493 756 3580 ¹de
772 3493 824 3562 bis
838 3493 925 3586 agit,
951 3493 1149 3586 praesertim
1167 3496 1259 3590 quod

291 3608 334 3678 ad
358 3607 547 3678 Americam
573 3605 867 3695 septentrionalem
893 3605 1029 3689 attinet,
1064 3617 1098 3677 et
1123 3608 1261 3676 conclu-

291 3719 357 3790 dit:
390 3739 537 3810 poenam
569 3739 639 3786 non
665 3739 781 3788 coram
805 3717 941 3808 pubbcc
965 3718 1180 3810 infligendam
1206 3741 1261 3788 es-

289 3855 345 3913 se,
388 3831 448 3900 sed
485 3831 521 3900 in
554 3831 745 3921 praesentia
777 3829 1019 3900 nonnullorum
1051 3830 1086 3899 in
1112 3829 1202 3899 bunc
1218 3832 1261 3901 li-

287 3967 366 4014 nem
399 3945 618 4026 selectorum,
653 3941 707 4011 cui
736 3941 786 4011 rei
817 3941 1065 4012 confirmandae
1090 3943 1263 4013 Prussiam

286 4059 321 4128 in
358 4057 549 4149 exemplum
582 4053 761 4150 proponit,
792 4055 850 4124 ubi
884 4053 926 4124 ad
952 4054 1106 4138 evitanda
1130 4055 1262 4124 incom-

286 4172 389 4242 moda
414 4193 489 4241 cum
516 4169 649 4262 publica
676 4169 893 4240 exsecutione
920 4167 1116 4262 conjuncta,
1152 4170 1261 4239 berc·
1329 4247 1339 4257 ,
