2926 5034
644 525 683 592 ll

174 723 300 776 anemo
324 714 358 772 et
383 705 517 774 saeculo
544 705 722 797 praesenti.
769 708 868 780 Ratio
896 705 964 801 qua
981 715 1053 780 tota
1071 707 1147 778 the-

176 819 249 888 oria
273 817 407 898 nititur,
433 817 468 887 in
494 839 535 887 eo
563 819 716 888 consistit
741 828 779 888 ut
804 819 908 889 homo
926 822 1025 913 plena
1041 823 1147 892 liber-

176 941 243 1002 tate
269 933 389 1024 agendi
414 931 594 1023 gauderet,
622 942 655 1001 et
681 933 802 1024 eligere
829 943 946 1024 posset
970 935 1057 1004 inter
1081 935 1148 1006 bo-

176 1069 257 1114 num
292 1055 325 1114 et
358 1045 506 1126 malum,
546 1056 578 1114 et
612 1045 700 1114 vires
726 1045 867 1115 intendit
900 1055 938 1114 ut
964 1069 1039 1116 cnm
1066 1071 1149 1140 psy-

179 1157 271 1228 chica
311 1157 456 1250 quadam
481 1158 685 1227 coercitione
712 1159 753 1228 ad
779 1159 937 1227 virtutem
964 1160 1084 1252 dirigat
1108 1161 1149 1230 iis

179 1271 365 1340 commodis
401 1293 488 1363 quae
522 1293 598 1341 oum
624 1293 664 1339 ea
690 1271 868 1362 conjuncta
893 1281 994 1352 sunt,
1032 1281 1066 1340 et
1091 1295 1149 1343 ea-

179 1382 256 1452 dem
289 1384 420 1452 ratione
452 1381 676 1450 incommodis
709 1381 849 1451 diversis
875 1406 896 1452 a
919 1383 1009 1453 malo
1036 1383 1148 1454 deter-

178 1518 265 1564 rere.
316 1493 568 1564 Consideranda
593 1503 666 1576 est,
692 1503 865 1586 tamquam
890 1497 1079 1588 composita
1104 1521 1148 1566 ex

178 1606 317 1676 theoriis
368 1609 619 1677 amelioratiocis
663 1608 817 1688 morolio,
863 1624 891 1678 ct
937 1611 1149 1680 deterritionr's

179 1721 327 1790 directae.

225 1833 401 1925 Requisita
432 1830 627 1924 principalia
661 1853 731 1924 qno
765 1834 872 1903 tendit
901 1855 1032 1926 poena,
1068 1845 1147 1904 sunt

177 1943 211 2014 in
236 1945 303 2014 hoo
328 1954 530 2038 systemate:

229 2060 260 2128 1.
310 2057 509 2128 Deterrendi
535 2057 621 2126 ratio
638 2056 781 2139 directa,
806 2057 989 2128 inssictione
1004 2081 1145 2151 poenae.

225 2172 261 2238 2.
313 2171 481 2240 Securitas
507 2170 676 2238 societatis
704 2194 724 2240 a
748 2172 959 2253 facinoribus
977 2173 1128 2242 malefici.

227 2282 261 2351 3.
309 2282 527 2352 Amelioratio
547 2281 702 2373 juridica.

225 2395 418 2465 Adversarii
467 2393 565 2488 hujus
605 2393 793 2485 systematis
831 2393 912 2463 illud
950 2396 1145 2488 dignitatem

176 2505 321 2577 hominis
354 2509 488 2578 laedere
519 2507 688 2601 judicant,
728 2507 888 2598 quoniam
921 2529 1035 2600 pugna
1060 2532 1144 2580 con-

175 2619 283 2702 tinua,
311 2643 398 2712 quae
423 2621 501 2690 inde
527 2620 634 2688 oritur
658 2619 745 2688 inter
771 2620 950 2690 commoda
972 2644 1059 2714 quae
1077 2623 1144 2691 cri-

174 2733 264 2802 mine
291 2733 525 2824 acquirentur,
556 2740 590 2800 et
615 2732 768 2799 dolorem
793 2753 942 2822 poenae,
967 2735 1054 2802 inter
1078 2756 1144 2804 vo-

52 2911 56 2919 .
174 2846 337 2937 luptatem
373 2854 585 2936 praesentem
623 2852 656 2912 et
693 2843 818 2912 malum
854 2844 1023 2925 futurum,
1060 2843 1146 2915 haec

174 2981 289 3052 pugna
326 2959 525 3030 assimilaret
556 2955 728 3026 hominem
763 2956 854 3037 cani,
894 2956 952 3050 qui
986 2957 1144 3027 continue

173 3074 261 3143 inter
294 3096 428 3143 carnem
462 3081 495 3141 et
527 3071 684 3141 haculum
714 3069 890 3139 dubitaret.
941 3069 1007 3139 Sed
1031 3091 1144 3140 nonne

174 3186 278 3255 homo
311 3186 346 3254 in
376 3185 445 3255 rita
469 3183 635 3277 practica,
669 3179 879 3276 (praesertim
903 3181 938 3250 in
964 3183 1061 3254 classi
1086 3181 1146 3252 ulti

173 3299 337 3392 majorem
362 3308 493 3390 partem
518 3295 739 3366 malificorum
763 3295 949 3365 invenimus
963 3294 984 3389 ,)
1011 3317 1052 3364 co
1070 3296 1144 3387 plo-

174 3433 318 3502 rumque
352 3411 464 3478 animo
491 3414 566 3478 est?
618 3409 715 3478 Conf.
742 3407 782 3476 de
808 3407 870 3476 hac
895 3404 1027 3476 theoria
1052 3407 1144 3499 ejus-

176 3545 242 3616 que
260 3522 475 3593 adversariis:
508 3524 646 3592 Vorscclr
663 3525 720 3591 der
736 3520 966 3610 Berichtipunp
984 3521 1041 3588 der
1062 3521 1144 3588 Tle-

175 3637 242 3708 oric
269 3639 323 3706 des
342 3639 551 3729 psycdiscltcn
579 3639 751 3726 Zeooopcs,
776 3659 839 3704 oon
864 3635 949 3702 ΗΜ.
967 3633 1085 3702 Bnunn
1101 3655 1144 3702 zu

178 3751 377 3842 Gotdinycru
415 3753 450 3820 ic
475 3750 592 3819 Neues.
639 3749 758 3817 Arolu'c
784 3750 838 3816 des
866 3745 1145 3826 Grimiuolrmffls,

174 3887 236 3934 con
260 3865 435 3956 Koponolc,
460 3865 681 3952 Mittermoycr
707 3875 735 3930 ct
759 3857 918 3929 Roscdlrt.
947 3860 968 3926 9
995 3859 1092 3928 baud.
1120 3857 1146 3926 5

174 3993 210 4047 st.
260 3979 358 4048 Hollc
382 3973 484 4048 4827.

222 4091 401 4160 Praeterea
437 4089 523 4159 hanc
556 4087 600 4156 oh
626 4109 698 4156 rem
723 4085 789 4154 hoc
814 4094 961 4177 systema
986 4084 1057 4154 aliis
1083 4106 1145 4154 an·

175 4189 404 4279 teponendum
433 4183 502 4269 est,
538 4185 698 4278 quoniam
725 4183 801 4254 idea
827 4182 936 4252 omnis
962 4181 1146 4261 vindictae,
