2922 5024
609 497 677 565 157

128 731 132 734 -
161 680 279 774 poenis
306 677 539 772 corporalibus
565 677 799 772 conjungitur,
834 685 867 746 et
893 699 950 748 ess
975 699 1132 750 necessa-

159 795 211 864 rio
239 792 421 862 comitatur
446 788 493 886 (l)

208 907 400 996 Antequam
438 905 481 974 ad
517 925 646 996 poenas
680 902 854 996 psychicas
891 925 979 995 quae
1005 925 1135 994 poenas

163 1017 357 1110 corporales
391 1017 521 1110 fingunt
553 1024 782 1096 transeamus,
824 1037 934 1108 pauca
966 1016 1136 1086 monenda

164 1141 242 1201 sunt
267 1131 308 1200 de
334 1128 605 1199 exsecutionibus
631 1128 666 1198 in
691 1128 811 1220 effigie.

210 1245 303 1314 Haec
342 1251 523 1323 constant,
561 1250 639 1312 aut:
678 1242 872 1332 <inpositione
911 1241 1133 1310 condemnati-

160 1359 230 1428 onis
254 1359 289 1427 iu
315 1373 438 1428 catasta
463 1371 491 1425 et
517 1353 589 1424 aliis
616 1355 711 1434 locis,
737 1363 795 1425 aut
821 1355 1076 1424 exsecutionibus
1098 1355 1133 1424 iu

162 1474 318 1541 cadauere
343 1486 401 1540 out
425 1471 460 1538 ia
485 1468 669 1540 simulacro.

209 1584 299 1651 Inter
332 1581 416 1652 haec
442 1589 532 1651 certe
560 1579 800 1652 exsecutiones
826 1579 861 1648 in
887 1579 1049 1650 cadavere
1075 1587 1133 1650 aut

158 1697 193 1767 in
235 1696 414 1765 simulacro
456 1694 554 1785 plane
595 1691 796 1784 rejiciendae
839 1702 936 1774 sunt,
994 1693 1051 1763 lex
1097 1701 1131 1762 et

155 1809 262 1902 judex
294 1807 431 1877 laedunt
466 1806 660 1898 dignitatem
686 1827 782 1874 suam
807 1805 992 1875 simulacris
1019 1805 1130 1874 oruci-

159 1921 277 2002 andis,
316 1929 350 1989 et
378 1919 491 2012 pudor
525 1941 584 1988 eos
616 1916 783 1987 abstinere
808 1916 907 1986 dehet
932 1918 973 1987 ab
999 1917 1128 2010 injuriis

156 2035 191 2102 in
216 2033 381 2130 reliquias
413 2031 567 2123 corporis
593 2027 746 2110 humani,
781 2052 868 2122 quae
894 2029 1128 2099 tantummodo

156 2146 371 2217 simulacrum
395 2142 528 2214 malifici
554 2141 762 2212 constituunt
779 2139 844 2236 (2).

201 2257 419 2328 Publicatioai
451 2254 723 2326 condemnationis
756 2255 792 2321 iu
826 2267 964 2324 castasta
998 2268 1027 2323 et
1052 2255 1126 2324 aliis

156 2373 250 2453 locis,
292 2368 395 2465 (apud
431 2375 599 2437 nostrates
641 2365 677 2436 in
713 2364 790 2459 usu)
822 2365 904 2434 nihil
929 2362 1061 2445 obstat,
1096 2366 1125 2436 si

155 2483 315 2556 malificus
353 2479 540 2574 profugerit
577 2488 636 2550 aut
667 2477 830 2571 prehendi
862 2499 932 2546 non
964 2477 1124 2567 potuerit.

153 2600 192 2670 ln
225 2596 381 2666 omnibus
414 2593 484 2666 aliis
519 2591 651 2664 casibus
679 2602 712 2661 et
738 2591 803 2662 alio
829 2590 932 2662 modo
959 2589 1125 2682 applicata

151 2707 332 2800 rejicienda
365 2707 445 2788 erit,
484 2705 646 2800 qnoniam
678 2704 762 2774 hacc
786 2725 898 2796 poena
922 2703 1122 2794 plerumque

17 2827 53 2904 ’,
148 2819 256 2912 magis
291 2819 405 2888 affines
440 2828 671 2911 cognatosque
703 2817 883 2896 indirecte,
917 2837 1019 2909 quam
1043 2837 1120 2886 me-

148 2934 280 3004 leficum
304 2933 416 3026 ipsum
440 2931 550 3002 laedit.

185 3225 233 3303 (l)
262 3225 391 3302 Legimus
425 3229 454 3280 iu
487 3223 632 3283 Memoris
669 3244 726 3280 ean
772 3225 940 3293 loelicletirrg
968 3245 1034 3280 eoos·
1065 3229 1114 3278 laet

151 3315 311 3389 Strosmetb.
341 3335 439 3387 snpra.
471 3321 489 3372 l.
516 3313 639 3372 9I'ebr.
666 3310 747 3371 1846.
795 3333 809 3366 u
829 3311 906 3370 Naar
934 3314 983 3370 he't
1005 3317 1117 3372 oordeel

147 3428 161 3461 »r
180 3411 231 3464 der
250 3411 395 3484 reges-ing,
422 3417 499 3462 most
519 3409 553 3463 de
574 3407 837 3480 eerloosverklsring
856 3407 981 3464 elaeone
1003 3425 1041 3480 op
1057 3406 1118 3464 siclt

144 3519 161 3551 o
181 3500 254 3554 celse
281 3499 397 3554 stsande
424 3499 514 3568 stral,
543 3500 602 3554 niet
621 3501 664 3554 uit
686 3500 720 3556 de
739 3499 779 3552 rei
798 3496 849 3554 der
868 3497 983 3556 straffen
1000 3498 1116 3554 worden

148 3610 161 3640 o
180 3586 402 3664 weggenomen.”

185 3677 234 3754 (2)
264 3677 300 3736 In
328 3680 473 3735 nonnullis
491 3679 649 3733 cisitatibus
676 3677 768 3733 adhuc
784 3678 814 3731 in
832 3696 895 3732 usu.
925 3707 963 3717 -
1000 3673 1036 3732 In
1055 3673 1117 3732 Μο-

146 3771 237 3839 dena,
260 3771 291 3824 in
320 3769 465 3826 nonnullis
490 3769 599 3824 essibus
626 3769 744 3825 cadaver
768 3767 888 3825 suicidae
907 3768 1035 3840 patibulo
1055 3787 1116 3824 sus-

145 3861 286 3933 penditur.
