2922 5024
620 517 687 588 159

219 703 338 772 Omnes
362 701 572 771 solemnitates
592 700 832 791 praescriptam
856 701 888 770 h.
905 725 934 771 e.
952 712 1138 794 'spectacu-

166 817 251 896 lum,
276 814 369 908 quod
386 813 513 884 nullum
528 813 682 882 ellectum
700 823 878 907 sequatur,
904 816 1018 907 potius
1032 817 1138 886 risum

166 939 200 997 et
219 910 337 1022 jocum
363 926 511 997 excitare
537 947 639 1019 quam
657 925 917 998 deterritiouem.
955 929 1020 999 Adi
1037 930 1137 1000 talem

168 1039 438 1120 exsecutionem,
474 1048 508 1107 et
532 1038 695 1130 intelliges
722 1061 839 1109 omnes
866 1040 926 1110 has
951 1043 1138 1112 formalita-

167 1163 219 1222 tes
244 1153 350 1221 risum
376 1151 525 1222 excitare
551 1151 697 1233 debere,
724 1175 827 1244 quum
854 1163 934 1245 post
957 1154 1061 1225 ictum
1086 1157 1138 1225 la-

169 1265 269 1336 talem
302 1263 429 1332 videbis
463 1262 651 1332 maleficum
687 1274 788 1356 caput
820 1265 972 1337 illaesum
996 1265 1137 1348 tollere,

170 1377 266 1472 quasi
298 1376 494 1457 mirantem,
529 1377 607 1445 boec
640 1378 750 1446 omnio
785 1402 858 1449 esse.
909 1381 1001 1449 Haec
1026 1401 1138 1471 poena

165 1500 217 1560 est
250 1510 349 1558 mons
374 1488 429 1557 ille
453 1487 644 1580 parturiens
670 1489 833 1580 praeclari
864 1491 1024 1560 Homrrr.
1076 1491 1137 1561 lli·

101 1682 104 1690 ,
168 1602 313 1672 diculum
347 1601 429 1670 illud
460 1601 569 1670 solum
596 1601 667 1694 jam
693 1601 772 1671 satis
798 1601 1025 1695 legislatorem
1050 1627 1136 1673 con-

168 1715 358 1794 demnaret,
391 1713 456 1792 nisi
482 1714 581 1784 etiam
607 1712 690 1783 haec
713 1736 826 1806 poena
850 1716 938 1785 vitiis
962 1718 1035 1806 ⁸aliis
1062 1740 1137 1788 ma-

166 1827 266 1896 ximis
291 1826 471 1896 laboraret.
521 1827 672 1914 Physica,
698 1827 826 1896 nullum
841 1829 966 1900 malum
985 1830 1136 1900 malefico

167 1939 313 2031 inlligat,
339 1939 488 2029 psychice
514 1960 591 2006 eum
616 1938 815 2032 plerumque
840 1962 910 2008 non
935 1942 1041 2034 magis
1066 1941 1137 2010 lae-

168 2052 246 2121 dere
288 2061 418 2144 potest,
461 2050 621 2142 quoniam
659 2073 762 2142 supra
798 2051 961 2134 vidimus,
1007 2075 1136 2145 poenas

164 2163 337 2258 psychicas
380 2161 615 2232 tantummodo
651 2162 846 2253 dignitatem
878 2163 1023 2235 hominis
1058 2189 1136 2236 mo·

164 2276 241 2346 ralis
267 2275 419 2356 laedere,
454 2296 541 2366 quae
569 2272 769 2365 plerumque
793 2276 918 2346 frustra
944 2278 1034 2369 apud
1059 2287 1135 2348 ma-

163 2390 294 2460 leficum
340 2387 523 2482 quaeritur.
594 2387 729 2454 Poenae
767 2385 859 2477 ¹quae
902 2388 1008 2458 risum
1049 2412 1134 2480 pro·

163 2502 307 2583 ducunt,
349 2523 419 2570 non
456 2495 598 2568 multum
631 2501 784 2591 profecto
818 2497 977 2568 valebunt
1002 2500 1045 2568 ad
1071 2502 1132 2570 de-

163 2615 372 2684 territionem
399 2611 669 2704 producendam,
705 2622 738 2681 et
763 2635 867 2706 quum
893 2636 967 2683 eam
993 2637 1132 2685 accura-

164 2737 199 2795 te
236 2734 507 2816 perscrutamur,
550 2723 736 2794 videbimus
771 2724 927 2794 omnibus
962 2726 1132 2816 requisitis

168 2862 301 2920 carere,
328 2837 472 2930 quaein
497 2859 609 2928 poena
633 2836 788 2907 rationali
805 2837 1016 2930 requirimus
1060 2841 1133 2910 Ro-

165 2951 248 3022 tatio
283 2949 371 3020 ensis
407 2970 509 3041 supra
535 2959 653 3041 caput,
689 2973 765 3019 eum
791 2951 946 3021 omuibus
973 2951 1134 3022 solemni-

164 3063 287 3134 tatibus
322 3062 594 3154 decapitationis,
634 3072 685 3132 est
712 3066 857 3154 perodio
889 3065 977 3134 laeta
1001 3087 1134 3156 poenae

160 3175 381 3248 tristissimae.

210 3288 403 3369 Omnibus,
460 3309 547 3378 quae
591 3286 632 3356 de
673 3286 792 3378 poenis
836 3285 929 3366 dixi,
978 3298 1136 3358 accurate

164 3401 357 3494 perpensis,
402 3399 551 3491 intelligo
585 3399 690 3469 multa
714 3397 823 3466 adhuc
848 3397 988 3469 dicenda
1013 3421 1134 3492 super-

165 3537 257 3593 esse3
311 3523 345 3582 et
393 3512 427 3584 in
466 3511 532 3581 fine
566 3511 664 3604 hujus
699 3509 941 3580 dissertationis
979 3511 1133 3583 lubenter

167 3626 348 3707 confiteor,
375 3625 479 3695 multa
503 3625 655 3716 prolecto
681 3622 779 3691 nimis
796 3621 914 3691 leviter
930 3633 1134 3714 pertractata

165 3762 249 3808 esse.
301 3739 368 3808 Sed
389 3739 460 3831 jam
487 3737 587 3818 satis,
621 3744 753 3827 tempus
779 3744 878 3825 urget
901 3745 939 3803 ut
967 3758 1053 3827 opus
1079 3739 1133 3808 in-

164 3862 296 3943 gratum
342 3848 584 3920 dissertationis
635 3845 895 3917 conscribendae
937 3846 1132 3922 absolvam:

166 3962 232 4032 boo
257 3973 369 4032 tamen
393 3961 500 4043 bene,
528 3960 755 4054 quodminus
781 3958 963 4028 verendum
988 3962 1069 4032 mihi
1095 3965 1137 4033 sit

159 4075 323 4169 judicium
349 4097 503 4144 severum
527 4073 715 4155 lectorum,
749 4095 852 4166 quum
877 4071 911 4140 in
936 4075 1135 4146 memoriam

165 4209 311 4268 revoco,
351 4185 592 4279 experientiam
625 4210 679 4255 me
715 4185 893 4255 docuisse:
925 4191 1139 4281 atempori-
