2926 5034
731 449 778 522 68

270 633 363 728 pite,
401 641 439 700 nt
472 653 613 725 prorsus
649 656 833 728 numquam
858 631 988 704 luxatio
1014 629 1139 702 hocin
1164 629 1243 700 loco

272 746 423 816 aec-idere
461 756 600 838 posset,
652 748 723 818 sine
759 747 908 816 laesione
946 754 980 814 et
1017 741 1244 814 destructione

272 859 541 932 extraordinaria
565 861 720 954 partium
752 859 978 951 cingentium,
1012 856 1105 951 quod
1131 855 1243 925 omni-

271 971 335 1041 hus
370 981 513 1055 notum,
557 974 614 1066 qui
644 973 679 1042 in
705 972 867 1042 cadavere
893 970 1123 1063 experimenta
1146 967 1245 1038 insti-

272 1095 419 1156 tuerunt.
477 1085 566 1169 Quia
591 1095 704 1156 autern
728 1085 885 1155 vertebra
908 1084 1018 1177 prima
1042 1083 1128 1154 adeo
1154 1090 1245 1152 arcte

274 1199 453 1292 conjuncta
496 1207 548 1268 est
586 1222 663 1268 cum
698 1199 859 1292 occipite,
900 1208 934 1266 et
967 1197 1102 1288 planam
1134 1192 1244 1286 magis

272 1309 415 1404 liguram
443 1310 564 1394 habet,
597 1315 743 1383 vertebra
768 1314 910 1382 secundo
929 1312 1041 1402 primu
1065 1310 1244 1378 uidebatur.

272 1423 392 1495 Hiatus
426 1433 538 1494 tamen
563 1425 702 1517 insignis
727 1425 763 1494 in
789 1435 877 1496 statu
902 1422 1045 1518 naturali
1069 1422 1157 1492 inter
1182 1421 1245 1491 At-

273 1536 432 1606 lantidem
475 1546 508 1604 et
546 1535 834 1628 Epistropheum,
880 1537 913 1605 in
949 1559 1030 1605 arcu
1063 1531 1246 1626 posteriori

272 1648 368 1720 adest
392 1649 427 1718 in
451 1647 659 1719 latitudinem
686 1647 798 1740 digiti,
831 1659 865 1717 et
888 1648 974 1718 harro
1000 1647 1045 1715 ob
1070 1669 1143 1716 rem
1170 1668 1246 1715 sae-

273 1783 317 1852 pe
342 1759 378 1832 in
404 1783 555 1830 errorem
581 1760 749 1830 ducuntur
774 1760 976 1842 anatomici,
1001 1769 1040 1830 ut
1062 1760 1246 1831 laesionem

273 1873 425 1946 invenire
460 1874 523 1945 sibi
556 1873 751 1946 viderentur
787 1899 874 1970 quae
907 1874 999 1944 nullo
1024 1873 1129 1943 modo
1155 1872 1248 1942 exis-

274 1998 324 2060 tat
348 1985 406 2085 (1).
444 2065 448 2072 ,

323 2103 416 2171 Haec
440 2101 528 2170 inter
544 2099 618 2169 alia
642 2120 780 2192 quoque
807 2099 898 2191 apud
914 2102 1145 2171 Mnrrrrrssnn
1163 2121 1248 2167 oon·

274 2212 444 2284 firmatum
477 2210 688 2304 reperimus,
727 2212 785 2306 qui
823 2213 857 2282 in
892 2237 995 2305 opere
1034 2237 1097 2283 suo
1132 2214 1248 2290 Medic.

274 2327 387 2418 ldpole.
419 2349 456 2418 p.
495 2327 553 2395 49.
592 2326 713 2396 eodem
738 2348 854 2395 errore
889 2327 1071 2405 adductus,
1115 2325 1150 2393 in
1183 2326 1250 2394 fine

271 2536 523 2551 *θ’-η

312 2669 361 2746 (l)
387 2693 402 2726 ιι
422 2668 487 2729 Non
505 2674 614 2747 saepius
636 2671 665 2727 hi
692 2682 790 2728 errant
818 2675 866 2746 qni
891 2675 1026 2728 sectiones
1053 2675 1178 2730 forenses
1205 2677 1250 2730 in·

274 2765 448 2834 instituunt,
485 2783 550 2818 curn
579 2765 752 2836 reliquarum
771 2764 966 2820 vertebrarum
986 2765 1050 2820 colli
1070 2775 1181 2820 arctum
1200 2785 1251 2821 ne·

273 2877 288 2910 ιι
308 2877 394 2926 xum,
427 2875 486 2910 non
514 2865 627 2909 tanturn
656 2857 686 2909 in
706 2856 872 2928 corporibus
900 2858 976 2910 etin
996 2855 1184 2929 apophysibus
1203 2876 1250 2912 ar-

274 2967 288 3000 ιι
308 2947 474 3000 ticularibus
502 2955 530 2999 et
558 2947 742 3014 transversiS,
781 2947 828 3001 sed
857 2948 939 3000 etiarn
963 2947 993 3000 in
1013 2965 1082 3000 arcu
1101 2949 1250 3018 posteriori

274 3059 289 3090 ιι
310 3047 338 3092 et
365 3054 498 3110 processu
526 3035 638 3108 spinoso
667 3039 867 3109 cognoverint,
906 3037 1028 3092 eundern
1066 3038 1151 3091 etiam
1176 3038 1252 3091 inter

276 3147 291 3179 ιι
310 3128 432 3202 primaru
457 3136 486 3182 et
511 3127 667 3182 secundum
686 3129 849 3183 vertebram
868 3137 1027 3200 quaerunt,
1053 3127 1171 3200 ideoque
1190 3126 1250 3182 hia-

276 3236 291 3268 »
310 3227 375 3272 tum
410 3217 572 3272 naturalem
599 3218 647 3289 qui
677 3217 715 3272 cb
743 3229 854 3274 motum
882 3219 1026 3274 lateralem
1053 3220 1152 3292 capitis
1180 3219 1251 3274 adeo

276 3329 290 3362 ιι
310 3310 481 3364 necessarius
500 3318 562 3378 est,
600 3317 634 3362 ut
654 3308 850 3363 deductionem
869 3311 1140 3383 praeternaturalem
1160 3329 1251 3365 anno·

276 3420 291 3454 ιι
311 3409 393 3469 tant,
422 3409 451 3455 et
478 3399 648 3454 luxationem
675 3399 786 3472 lingunt
811 3399 861 3454 ubi
886 3401 965 3456 nulla
985 3399 1053 3456 est.”
1093 3399 1129 3457 In
1148 3403 1250 3458 sceleto

278 3493 392 3564 qrridem
418 3490 509 3563 capite
529 3497 623 3544 erecto
641 3489 671 3543 id
688 3491 733 3544 vir
753 3491 944 3562 conspicitur,
973 3490 1169 3565 (exsiccatione
1189 3512 1252 3549 car-

279 3582 426 3656 tilaginum
452 3589 481 3634 ct
510 3579 764 3654 ligamentorum),
791 3580 913 3651 indeque
932 3581 1058 3651 lactum,
1084 3593 1119 3637 ut
1138 3601 1202 3638 eum
1221 3585 1251 3637 in

279 3673 421 3744 optimum
440 3667 695 3742 osteographorum
715 3667 846 3740 Vesalii,
863 3667 1013 3743 Eustachi,
1040 3672 1153 3743 Albini,
1183 3673 1253 3728 deli·

280 3758 458 3816 neationibus
477 3777 537 3812 non
555 3761 736 3832 reperiamus.

319 3847 351 3904 0.
372 3846 405 3903 G.
424 3845 704 3904 GormnsLunwm.
724 3851 793 3904 diss.
804 3853 839 3903 de
850 3852 1017 3917 luxatione3
1037 3847 1158 3922 lipsiae
1170 3847 1253 3906 1767.

318 3937 425 3996 Tamen
452 3941 482 3995 in
501 3940 605 3994 tabulis
633 3937 755 4008 Altini,
776 3959 816 3995 os.
838 3944 917 3996 bum.
935 3939 1020 3996 Lete.
1043 3939 1115 3997 1753
1145 3946 1203 3996 tab.
1224 3939 1252 3996 X

274 4034 328 4106 fig.
347 4027 385 4100 2,
412 4030 458 4085 hic
485 4029 579 4084 hiatus
605 4031 791 4100 observatur,
815 4049 926 4104 quoque
945 4033 974 4088 in
993 4051 1077 4106 opere
1096 4031 1253 4091 Bonnam
1275 4037 1278 4043 “

282 4133 311 4178 et
329 4120 419 4182 Jacon
440 4130 567 4176 recenter
587 4121 670 4176 edito.
