2926 5034
186 695 254 765 est,
303 692 337 753 et
376 684 490 775 potius
532 683 797 757 modificationes
840 709 970 779 poenae
1008 694 1042 763 in
1077 691 1150 765 aliis

183 796 394 890 quaerendae
420 806 509 866 sunt.

231 911 420 980 Adversarii
448 933 572 1002 poenae
597 913 708 981 mortis
734 937 805 984 eam
830 911 1036 1002 rejiciebant,
1076 920 1154 1011 quio

175 1020 306 1112 judices
329 1024 405 1114 solli
429 1039 581 1114 possunt,
608 1039 636 1094 et
653 1026 832 1096 abutuntur
848 1049 941 1116 saepe
957 1028 1018 1098 hae
1029 1051 1148 1118 poeno.

230 1135 424 1204 Abutuntur
469 1139 622 1228 prolecto
664 1138 797 1228 saepius
842 1135 905 1206 hac
942 1161 1072 1228 poena,
1115 1152 1149 1210 et

183 1246 410 1315 horrescimus
466 1271 571 1339 quum
620 1250 654 1318 in
706 1248 903 1317 memoriam
953 1273 1152 1322 revocamus

181 1370 337 1450 tempora
378 1360 598 1430 revolutionis
641 1369 675 1428 et
716 1359 900 1428 lactionum
943 1361 1154 1434 diversarum

180 1472 394 1563 politicarum
430 1470 490 1540 uhi
527 1493 638 1563 poena
674 1472 793 1540 mortis
831 1471 995 1544 maximas
1034 1483 1147 1566 partes

180 1583 312 1653 habuit.»
358 1582 425 1651 Sed
452 1584 532 1677 quid
558 1584 624 1652 hoc
649 1595 766 1654 contra
790 1583 877 1654 hane
901 1605 1047 1675 poenam
1069 1609 1153 1679 pro·

180 1695 262 1766 hare
286 1700 427 1788 potesta
477 1699 597 1766 Nonne
624 1697 792 1767 abutimur
817 1697 917 1766 rebus
942 1697 1152 1768 utilissimis?

183 1807 281 1877 Certe
316 1808 344 1878 si
379 1809 496 1880 omnia
529 1809 650 1902 quihus
684 1809 836 1878 homines
863 1809 1046 1878 abutuntur
1069 1813 1151 1905 reji-

181 1920 299 1990 cienda
336 1931 414 1990 sunt
455 1920 551 2014 quasi
584 1921 791 2011 periculosa*
808 1929 842 1988 et
878 1922 1150 2006 condemnanda,

183 2055 294 2124 pauca
321 2034 420 2102 nohis
450 2042 587 2103 restant.
637 2033 747 2102 Hodie
771 2032 969 2124 praesertim
993 2034 1149 2125 regiones

182 2146 290 2235 magis
325 2147 476 2216 excultae
510 2155 543 2213 et
568 2145 782 2215 humaniores
808 2167 878 2214 non
901 2145 968 2214 hoc
993 2157 1149 2239 respectu

184 2257 391 2325 accusandae
430 2263 525 2333 sunt,
563 2264 598 2322 et
638 2277 824 2346 numquam
847 2257 928 2327 vitia
951 2259 1144 2350 antiquiora

176 2368 338 2440 invocare
383 2367 542 2438 dehemus
591 2389 713 2460 quum'
739 2377 871 2458 tempus
909 2389 1069 2458 praesens
1107 2396 1148 2443 ea

181 2481 311 2572 respuit
336 2480 392 2576 (1).
1008 2483 1010 2488 ’

226 2594 291 2663 Alii
340 2593 397 2686 qui
445 2591 651 2662 contendunt
687 2593 817 2684 judices
860 2592 993 2683 saepius
1037 2615 1149 2664 errare

178 2727 303 2796 posse,
345 2703 443 2772 nohis
482 2701 643 2792 objiciunt
683 2701 840 2771 historias
884 2704 1022 2784 Canas,
1075 2709 1147 2773 Du-

178 2836 309 2897 cimur,
335 2817 483 2894 Surus,
508 2814 733 2893 Moratum,
759 2814 898 2883 Lnnnun
916 2814 1147 2908 aliorumque,

218 3104 266 3182 (l)
298 3104 370 3182 Quin
400 3111 485 3163 etiam
504 3105 663 3162 Brittannia
693 3109 722 3160 in
752 3107 857 3181 legibus
884 3107 1050 3182 poenalibus
1074 3127 1150 3164 seve·

179 3201 234 3268 ris,
263 3200 346 3256 nobis
377 3199 534 3272 exemplum
560 3197 694 3270 praehere
723 3207 824 3269 potest.
854 3227 893 3238 -
922 3195 1052 3252 Londinii
1071 3202 1150 3254 etin

185 3292 320 3343 comitatu
360 3287 513 3344 lliddlesex
549 3287 600 3342 nbi
631 3287 742 3342 saeculo
772 3287 968 3359 praecedenti,
1005 3288 1041 3341 ab
1074 3307 1151 3344 anno

186 3375 392 3447 1731-1740‚
411 3390 440 3434 et
459 3373 532 3433 1749
552 3379 588 3433 ad
607 3395 715 3432 annum
738 3372 831 3443 1782,
846 3375 971 3430 videmus
991 3373 1066 3430 1624
1075 3396 1151 3434 exse-

181 3469 306 3523 cutiones
334 3469 467 3540 capitales
490 3469 583 3522 locum
617 3468 741 3535 habere,
768 3485 832 3540 ergo
853 3467 964 3520 circiter
994 3461 1032 3520 38
1053 3470 1151 3538 quovis

180 3577 274 3626 anno,
303 3575 354 3632 per
382 3553 420 3611 13
446 3553 543 3612 annos.
582 3556 618 3614 ln
648 3557 830 3613 hoc'saeculo
859 3557 895 3611 ab
915 3575 991 3611 anno
1015 3552 1088 3611 1802
1113 3560 1150 3613 ad

178 3669 286 3704 annum
306 3643 398 3716 1808,
419 3648 588 3704 durantibus
609 3645 627 3702 7
649 3649 730 3704 annis
753 3649 951 3706 tantmnmodo
980 3644 1017 3704 67
1038 3667 1151 3706 exsecu-

180 3741 269 3794 tiones
283 3739 474 3806 ohtinehant,
499 3739 611 3792 circiter
630 3734 667 3793 10
686 3739 783 3810 quotis
803 3757 887 3793 anno.
927 3736 972 3794 Ita
1001 3757 1152 3796 numerum

178 3829 388 3882 exsecutionum
419 3828 644 3901 quadrupliciter
671 3829 732 3884 lere
752 3830 940 3885 diminuatnm
961 3830 1150 3887 observamus.

180 3916 214 3974 ln
235 3916 324 3973 Gallia
343 3917 498 3976 habemus:

220 4005 293 4063 1826
333 4048 339 4062 .
380 4049 387 4062 .
428 4050 435 4064 .
476 4051 483 4064 .
524 4005 587 4063 150.
627 4007 874 4065 condemnationes
891 4008 1031 4081 capitales.

221 4095 294 4153 1827
431 4141 438 4156 .
480 4141 486 4154 .
530 4093 593 4154 109.

223 4185 294 4242 1829
335 4229 342 4242 .
384 4230 390 4242 .
433 4231 487 4244 ..
545 4181 593 4240 89.
