2926 5034
760 507 806 576 52

299 685 491 758 excoriator
525 687 720 781 spernitur?
784 689 883 759 Certe
908 685 1014 757 nubes
1040 689 1270 761 obversaban-

297 801 482 882 tormenti
507 804 699 884 Duronrn,
727 823 831 894 quum
858 801 1097 871 condemnaret
1113 803 1268 872 ultimum

299 910 500 1002 supplicium
525 914 560 984 iu
586 914 749 984 concione
775 914 830 984 cui
854 935 978 983 nomen
1005 918 1173 986 osscmdlc'c
1190 940 1270 985 con-

298 1021 465 1106 stituente,
513 1025 673 1098 dicentis:
716 1079 738 1120 2,
765 1028 838 1098 Uno
872 1027 990 1118 simple
1022 1027 1190 1096 formalitd
1215 1027 1272 1097 sd-

298 1181 321 1221 „
346 1156 428 1226 pare
448 1138 627 1210 ·l’assassin
662 1141 707 1211 du
739 1139 965 1210 bourrcau!!’'
1016 1139 1166 1232 Simplex
1195 1141 1269 1209 ior-

295 1250 377 1315 ma?
421 1250 510 1320 Num
545 1275 587 1322 eo
621 1253 758 1322 nomine
782 1261 883 1324 vocat
907 1251 1160 1321 fundamentum
1181 1251 1268 1345 juris

298 1367 332 1426 et
366 1363 562 1454 aequitatis,
600 1366 697 1436 basin
732 1366 854 1458 quietis
885 1374 918 1435 et
943 1363 1070 1434 ordinis
1095 1362 1130 1432 in
1156 1362 1274 1434 omni-‘

296 1472 360 1542 bus
387 1475 621 1546 societatibusl

347 1586 465 1654 Potius
495 1587 695 1679 interpretes
722 1586 891 1678 opinionis
918 1586 1072 1677 publicae
1097 1586 1272 1658 habendae

297 1705 374 1766 sunt
405 1699 588 1768 sententiae
612 1699 788 1770 bominum
814 1697 1059 1790 practicorum,
1095 1699 1154 1790 qui
1180 1709 1271 1770 certe

291 1809 423 1903 judices
462 1813 746 1904 competentiores
784 1812 851 1882 hcc
883 1812 919 1881 iu
954 1835 1034 1881 casu
1068 1821 1156 1882 sunt.
1206 1812 1270 1882 Di-

296 1946 414 1995 versae
449 1925 561 1996 curiae
591 1924 766 2018 judiciales
805 1924 1038 1994 conclusiones
1064 1925 1269 2016 argumentis

296 2039 456 2130 probatas
490 2038 725 2130 proferebant,
758 2037 794 2105 in
829 2036 951 2129 quibus
978 2059 1124 2128 poenam
1148 2036 1268 2106 mortis

296 2161 335 2220 ut
358 2151 474 2220 utilem
501 2160 534 2220 et
560 2149 759 2220 servandam
784 2148 1007 2219 declarabant.

264 2355 268 2362 ι
349 2266 396 2355 Cf.
422 2266 638 2336 observatione
655 2267 700 2334 du
717 2265 863 2334 tribunal
879 2265 918 2332 dc
936 2263 1113 2345 comatico,
1132 2268 1269 2357 prc'scu-

297 2379 329 2446 τό
358 2401 403 2448 au
439 2378 693 2448 Gouocrncmcut
719 2378 747 2444 lc
772 2377 799 2444 3
816 2374 898 2464 jour
924 2377 1199 2464 complc'mcatairc
1224 2401 1269 2446 cn

298 2493 350 2562 Xl
359 2545 369 2572 ,
408 2517 447 2560 ca
481 2491 646 2560 cccc'cctioa
672 2491 710 2556 dc
737 2487 867 2556 dorreti
888 2489 933 2555 du
958 2490 980 2554 5
1004 2489 1129 2555 centdsc
1156 2511 1200 2557 oa
1227 2489 1267 2557 X.

294 2608 355 2676 Les
381 2606 453 2675 cto.
480 2605 570 2674 crim.
589 2604 627 2672 dc
646 2601 679 2672 lc
695 2601 888 2691 Dordopac,
916 2599 1051 2690 dripere,
1078 2599 1266 2681 dOrlcouc,

294 2733 325 2789 ct
357 2721 396 2790 dc
431 2720 514 2790 Pon.
573 2717 635 2788 Lcc
668 2716 740 2786 trib.
768 2717 807 2786 dc
832 2716 879 2785 Po
906 2729 935 2784 ct
958 2714 1059 2782 Doirc
1086 2728 1114 2784 ct
1140 2716 1167 2783 lc
1193 2715 1265 2786 crit

295 2835 422 2925 d'cppcl
446 2835 485 2900 dc
509 2833 653 2910 Rcancs,
679 2826 874 2920 rejiciebant
900 2825 986 2895 hanc
1011 2849 1170 2916 poenam

340 2947 396 3014 Ex
434 2965 538 3033 supra
575 2940 670 3010 dictis
709 2935 953 3005 conficiendum
991 2945 1064 3018 est,
1117 2959 1265 3030 poenam

292 3056 411 3128 mortis
445 3077 508 3124 nec
544 3051 701 3144 injustam
732 3057 790 3117 aut
814 3047 980 3130 illicitam,
1018 3069 1082 3114 nec
1107 3047 1265 3121 inhuma-

291 3192 376 3242 nam·
404 3176 462 3238 aut
490 3187 560 3234 non
586 3184 692 3254 scopo
719 3159 897 3252 proposito
924 3159 1186 3251 respondentem
1211 3185 1267 3232 es-

291 3306 346 3364 se;
384 3280 471 3351 etsi
497 3275 677 3371 aliquando
704 3273 768 3344 alia
792 3272 944 3354 videtur,
978 3272 1045 3342 hoc
1068 3275 1176 3367 magis
1202 3276 1266 3346 tri-

291 3395 462 3467 buendum
496 3414 570 3462 esse
596 3385 812 3481 applicationi
836 3386 1003 3480 injustae,
1038 3387 1264 3470 inhumanae,

291 3520 350 3584 aut
381 3509 492 3580 minus
525 3504 678 3574 idoneae.
729 3501 781 3570 Nc
814 3500 916 3570 ullam
956 3500 1093 3593 quidem
1118 3525 1265 3593 poenam

289 3625 435 3694 existere
471 3639 574 3712 posse
611 3614 772 3696 admitto,
810 3637 897 3708 quae
931 3614 1024 3684 omni
1047 3625 1203 3705 respectu
1227 3615 1263 3683 in

289 3735 397 3807 ultimi
439 3729 593 3824 supplicii
629 3729 743 3798 locum
781 3726 961 3796 succedere
997 3726 1128 3818 possit;
1179 3749 1261 3818 ergo

289 3857 429 3920 naturae
453 3843 620 3914 humanae
644 3863 714 3910 non
740 3833 1030 3933 aptum'vidctur,
1056 3861 1130 3908 eam
1157 3861 1175 3907 e
1201 3861 1262 3908 co·-

290 3961 362 4032 dice
387 3957 522 4053 poenali
546 3955 684 4052 rejicere
710 3949 767 4048 (1).

325 4193 372 4268 (l)
402 4192 550 4270 Quousque
581 4190 802 4265 progrediendum
820 4198 909 4256 esset,
949 4187 1063 4260 quaudo
1082 4205 1260 4261 nequaquam
