2926 5034
664 509 712 578 49

245 691 414 762 Ponamus
447 687 654 779 influentiam
688 691 944 762 exsecutionum
978 691 1169 785 capitalium

194 803 403 896 publicarum
436 800 516 871 satis
551 800 814 874 demonstratam
845 826 938 887 esse,
976 827 1089 897 poena
1112 815 1167 878 ta-

196 939 274 986 men
313 914 433 984 mortis
467 912 593 983 idcirco
627 913 764 985 minime
788 915 968 1008 rejicienda
993 928 1067 1000 est,
1109 920 1170 990 sed

193 1027 427 1098 exsecutiones
471 1025 507 1094 in
550 1047 684 1095 carcere
725 1028 841 1120 perlici
882 1039 1034 1120 possent.
1097 1032 1166 1104 Sed

195 1162 283 1232 nego
315 1139 523 1210 influentiam
555 1140 811 1210 exsecutionum
837 1141 1027 1233 capitalium
1053 1164 1169 1216 eoram

194 1253 323 1345 populo
357 1251 404 1322 ita
433 1250 573 1320 noxiam
599 1273 693 1334 esse,
732 1261 766 1322 et
792 1275 894 1344 supra
920 1253 1167 1338 demonstravi,

194 1389 254 1434 cur
288 1363 521 1434 exsecutiones
554 1362 643 1432 intra
680 1385 795 1432 muros
838 1365 1110 1438 condemnandae
1136 1379 1171 1440 et

191 1474 390 1570 rejiciendae
416 1481 537 1542 essent.
590 1473 639 1544 cf.
665 1497 699 1566 p.
721 1476 780 1544 bd.
799 1498 849 1569 sq.

243 1589 388 1656 Prorsus
414 1607 530 1676 nego,
557 1584 659 1678 idque
685 1587 895 1678 experientia
921 1591 1066 1674 doetus,
1092 1593 1172 1663 uni-

197 1721 296 1772 verse
322 1697 593 1767 exsecutionibus
620 1698 816 1790 capitalibus
841 1700 1083 1776 humanitatem
1109 1705 1173 1776 ob-

198 1824 412 1904 torpescere,
447 1818 481 1878 et
514 1833 630 1882 ausam
666 1812 746 1882 dare
779 1812 991 1886 irrisionibus
1027 1827 1061 1886 et
1084 1818 1175 1890 ludi·

198 1925 281 1996 briis
318 1921 463 2002 illicitis3
499 1932 618 1994 contra
650 1924 808 1994 universe
833 1927 940 2019 magis
967 1929 1179 2002 influentiam

199 2039 380 2108 salutarem
425 2045 594 2106 exercent.
662 2037 738 2108 lam
785 2059 889 2130 supra
939 2039 981 2109 de
1015 2041 1066 2111 bis
1106 2041 1177 2112 dis-

199 2151 313 2232 serui,
359 2156 392 2216 et
432 2146 631 2216 nullomodo
667 2149 854 2241 cynismum
894 2160 952 2220 aut
986 2151 1182 2229 barbarima

196 2261 438 2332 nonnullorum
464 2259 641 2328 rudiorum
665 2261 968 2353 incultiorumque,
1006 2267 1174 2360 interpre-

196 2386 266 2446 tem
303 2371 503 2444 sensationis
546 2371 745 2464 generaliter
787 2373 973 2464 productae
999 2379 1175 2454 admittere

198 2508 393 2582 possumus.

248 2603 400 2672 Fuerunt
434 2607 572 2690 quoque
598 2597 656 2690 qui
682 2598 916 2669 exsecutiones
941 2601 1091 2693 publicas
1118 2629 1176 2678 ca-

200 2713 318 2805 pitales
354 2709 640 2790 condemnabant,
677 2709 837 2799 quoniam
863 2716 1019 2804 exempla
1043 2728 1178 2790 exstant

198 2825 277 2894 inde
310 2822 400 2916 apud
437 2821 618 2892 nonnullos
651 2818 805 2890 homines
834 2824 1004 2915 quandam
1028 2831 1175 2900 martiam

199 2936 386 3010 imitationis
411 2935 632 3028 provenisse,
668 2955 756 3025 quae
781 2939 991 3009 monomanic
1014 2941 1176 3014 homicida

203 3051 350 3133 dicitur,
400 3049 435 3119 in
478 3071 553 3120 eam
593 3069 666 3116 rem
708 3047 942 3121 auctoritatem
973 3053 1176 3142 Esournon,

202 3165 303 3236 Marc
330 3170 364 3231 et
387 3161 530 3232 Vounuu
555 3161 741 3231 afferentes.
776 3150 860 3230 'Sed
876 3161 940 3234 hae
959 3169 1175 3259 exceptiones

203 3275 339 3346 minime
364 3273 515 3365 regulam
539 3271 729 3365 generalem
756 3281 929 3356 evertunt,
956 3285 990 3344 et
1009 3300 1079 3348 non
1096 3303 1175 3352 om-

204 3409 264 3456 nes
299 3385 482 3456 assimilare
512 3406 694 3477 possumus
720 3384 836 3475 paucis
863 3385 921 3478 qui
945 3390 1177 3484 praedisposi-

208 3499 335 3568 tionem
349 3497 394 3566 ad
407 3497 532 3568 hancce
547 3496 693 3566 maniam
709 3495 889 3580 baberent,
908 3521 995 3590 quae
1012 3524 1101 3572 nunc
1118 3531 1177 3580 ca-

209 3634 250 3681 su
277 3609 418 3680 fortuito
441 3633 478 3679 se
499 3609 684 3679 evolvebat.
735 3608 832 3678 Tales
860 3613 1116 3702 praecautiones
1141 3619 1177 3692 in

207 3723 276 3794 vita
302 3722 498 3815 quotidiana
526 3745 589 3792 nos
615 3721 748 3814 saepius
773 3722 809 3792 in
835 3723 1042 3796 difficultates
1068 3729 1177 3804 addu-

208 3845 332 3907 cerent.

257 3949 446 4019 Adversarii
472 3971 597 4039 poenae
634 3948 744 4016 mortis
769 3972 840 4018 eom
865 3948 1013 4041 rejiciunt
1037 3956 1176 4049 scriptu-¹

208 4085 267 4133 rae
291 4083 405 4132 sacrae
431 4059 652 4132 auctoritatem
678 4062 853 4156 asserentes.

261 4175 329 4243 Cur
364 4175 564 4266 scripturam
602 4195 729 4243 sarram
767 4173 949 4258 invocent,
984 4199 1053 4244 non
1078 4173 1189 4249 intel?
