2926 5034
674 511 719 579 53

255 691 357 774 Quod
391 693 509 763 attinet
541 691 584 764 ad
619 691 764 784 reliquas
798 713 926 784 poenas
961 690 1176 783 corporales,

202 804 321 878 harum
354 805 466 876 multis
502 807 620 878 eadem
653 805 857 878 conveniunt
884 827 970 897 quae
997 803 1038 873 de
1063 825 1176 895 poena

202 917 321 986 mortis
356 918 538 998 annotavi;
571 942 658 1012 quae
690 918 820 1013 reliqua
851 925 947 999 sunt,
980 939 1024 986 ne
1050 915 1085 985 in
1109 915 1175 984 ite-

160 1013 163 1016 ’
202 1029 369 1100 rationem
410 1029 560 1102 inutilem
600 1031 763 1113 incidam,
806 1054 847 1104 ea
879 1030 914 1100 in
952 1026 1175 1122 singularibus

204 1141 486 1234 disputationibus
520 1141 724 1215 absolvenda
758 1151 858 1224 sunt;
897 1142 938 1213 de
963 1138 1175 1234 generalibus

203 1255 247 1325 ad
272 1278 376 1349 supra
400 1255 489 1328 diota
512 1278 677 1348 provoco.

201 1548 467 1604 animadvertuntur
486 1549 629 1606 admonita
651 1551 793 1623 practice,
817 1559 846 1605 et
866 1548 1065 1604 tantummodo
1087 1548 1175 1604 oculis
1236 1601 1238 1605 ,

201 1639 302 1694 clausis
320 1641 463 1711 sequimur
481 1642 625 1714 opiniones
651 1639 819 1696 theoreticae
838 1639 1105 1714 philantroporum‚
1134 1640 1176 1694 vi-

200 1729 298 1784 demus
317 1749 343 1784 v.
363 1749 388 1784 c.
408 1749 441 1784 ex
459 1729 513 1786 hac
531 1731 747 1787 exclamatione:
777 1749 791 1784 n
802 1727 856 1784 Les
866 1730 1036 1804 legislateure
1047 1730 1175 1784 venient·

198 1837 213 1871 n
232 1818 267 1872 ils
294 1820 405 1874 donner
431 1839 488 1876 nne
514 1821 594 1891 locon
622 1822 741 1876 durable
773 1839 829 1875 aux
848 1816 989 1893 peuplee?
1014 1819 1175 1875 veulent-ils

197 1927 212 1961 n
232 1908 295 1964 leur
324 1929 434 1966 amurer
461 1911 489 1966 la
516 1911 581 1984 plus
597 1911 747 1966 inviolable
770 1911 819 1964 des
841 1911 980 1984 garanties
1006 1907 1176 1964 humaines?

197 2019 211 2051 n
231 1994 317 2073 Qu'ils
342 2001 451 2055 hrisent
471 2001 509 2056 les
527 2002 661 2074 premiere
690 2001 715 2056 le
738 2001 824 2074 gleire
847 2001 881 2056 de
901 2001 928 2054 la
948 2001 1065 2072 justice,
1093 1998 1175 2072 qu'ils

196 2109 211 2142 n
233 2101 412 2162 apprennent
436 2111 490 2165 par
519 2093 581 2146 leur
600 2093 724 2164 exemple
752 2096 770 2146 ὲ
796 2100 931 2146 entourer
953 2086 1109 2144 l'existence
1134 2095 1174 2145 du

197 2199 212 2232 n
232 2182 347 2235 dernier
366 2185 416 2235 des
436 2184 583 2252 hommes,
602 2180 671 2235 d'un
700 2191 810 2252 respect
831 2181 960 2235 saintet
981 2179 1123 2250 religieux
1130 2178 1164 2236 Μ’
1165 2179 1173 2204 ’

200 2265 282 2324 Geni.
309 2266 494 2330 lluennrrnux
514 2275 534 2326 Ι.
555 2275 574 2326 l.
592 2291 622 2342 p.
644 2267 707 2328 120.
746 2268 784 2326 Et
803 2279 899 2328 tamen
917 2269 1102 2330 Duenerraux
1121 2272 1173 2328 ho·

198 2379 246 2416 mo
265 2361 436 2436 praeclarus.
