2922 5024
371 1292 594 1370 Pomm
620 1293 1127 1372 nnmnmloms
1159 1295 1245 1370 m*

398 1467 404 1484 ·
524 1421 1098 1505 nummulum.

372 2012 571 2122 Deiamatio
611 2074 723 2142 poena
755 2074 847 2122 inere
884 2050 1062 2145 psychica,
1109 2052 1200 2144 apud
1234 2073 1298 2119 nos

324 2163 518 2232 introducta
551 2173 601 2232 est
637 2163 773 2232 decreto
804 2167 843 2234 11
873 2167 955 2237 Dec.
985 2165 1103 2247 1813,
1138 2174 1173 2233 et
1197 2163 1303 2232 verbe

325 2275 358 2344 in
393 2276 459 2345 fine
498 2286 559 2346 art.
597 2277 666 2357 10,
708 2331 731 2371 „
757 2278 908 2347 zullende
943 2278 1077 2347 dezelve
1113 2279 1175 2347 nole
1199 2277 1233 2346 in
1260 2276 1302 2344 de

327 2442 349 2482 „
374 2391 481 2483 plaats
535 2390 595 2460 der
638 2390 889 2480 laatstgemelde
937 2391 1023 2459 straf
1069 2387 1301 2457 subintreren''

326 2504 465 2574 dubium
498 2503 649 2582 faciunt,
684 2512 797 2570 utrum
830 2501 1026 2593 degradatio
1056 2501 1184 2594 jurium
1216 2501 1301 2570 eivi-

324 2617 407 2687 lium
432 2615 531 2707 plane
557 2613 733 2684 abolienda
750 2614 816 2696 sit,
843 2614 941 2708 eique
959 2614 1191 2684 defamationis
1209 2637 1297 2706 poe·
1330 2619 1333 2622 ’

327 2754 372 2800 na
397 2727 646 2810 substituenda,
682 2750 724 2797 an
749 2727 918 2796 interdum
941 2727 1046 2797 altera
1064 2727 1158 2797 alteri
1176 2727 1302 2798 substi-

328 2843 454 2913 tuenda
480 2852 513 2910 et
538 2841 655 2911 amhae
682 2841 866 2910 servandae
892 2840 968 2909 sint.
1021 2839 1135 2921 Quum
1154 2839 1302 2909 admitti-

329 2977 404 3023 mus
429 2953 515 3020 hane
542 2952 755 3043 opinionem,
794 2962 828 3020 et
852 2953 956 3022 verba
981 2961 1043 3022 art.
1071 2953 1093 3021 9
1121 2953 1275 3023 decreti:

380 3068 479 3157 „De
523 3065 608 3134 strat
648 3087 714 3134 van
748 3064 1074 3158 eerloosverklaring
1105 3066 1148 3155 bij
1189 3067 1301 3138 ertit

331 3231 353 3272 „
379 3177 551 3258 vermeld‚
585 3178 636 3248 zal
663 3177 810 3248 dezelide
835 3177 1001 3271 gevolgen
1026 3178 1157 3249 hebben
1183 3181 1231 3250 als
1250 3179 1303 3248 die

332 3345 355 3385 „
380 3291 415 3360 in
440 3290 497 3360 het
524 3291 617 3361 Code
644 3291 746 3362 Penal
771 3315 834 3361 nan
861 3291 901 3360 de
928 3291 1147 3384 degradation
1172 3293 1303 3386 civique

307 3459 355 3498 s„
381 3411 444 3494 ziJn
483 3405 695 3496 toegekend‚
742 3404 892 3473 zullende
932 3405 1066 3475 dezelve
1099 3407 1170 3476 ook
1202 3407 1237 3476 in
1263 3406 1304 3474 de

333 3571 356 3610 7,
381 3520 487 3612 piaats
539 3518 598 3586 der
621 3517 889 3609 -taatstgemelde
937 3520 1022 3588 strat
1075 3517 1303 3588 subintreren”

332 3655 409 3701 eum
441 3630 587 3700 articulis
623 3629 645 3698 8
681 3640 714 3699 et
745 3631 767 3698 9
800 3629 884 3700 Cod.
918 3653 1018 3722 poen.
1047 3633 1117 3702 Gal.
1145 3635 1301 3702 confera-

330 3765 430 3823 mus,
467 3740 525 3810 ubi
560 3743 772 3833 dtyradation
803 3743 951 3834 civique,
986 3753 1020 3812 et
1052 3746 1303 3816 interdictioni

331 3871 429 3946 temps
463 3857 502 3924 de
536 3857 674 3925 certatus
700 3855 800 3925 droits
825 3855 981 3948 civiques‚
1018 3857 1107 3926 civite
1132 3872 1160 3926 et
1186 3859 1224 3927 de
1246 3862 1303 3950 fa-

331 3969 437 4048 milie,
485 3967 700 4048 invenimnS,
751 3977 822 4035 tum
864 3975 903 4034 ut
937 3979 1183 4060 consequenter
1221 3993 1304 4062 aga·
1440 3961 1442 3972 ⁴

332 4104 430 4163 mus,
465 4079 643 4152 defamatio
677 4102 814 4174 quoque
847 4078 995 4171 partialis
1023 4091 1081 4152 aut
1107 4083 1150 4153 ad
1176 4093 1304 4155 eertum

332 4205 484 4288 tempus,
523 4193 727 4264 admittenda
753 4192 825 4262 erit.
