2922 5024
631 495 697 562 127

229 673 321 744 Haec
359 672 474 743 elassis
513 674 691 748 dividenda
728 679 790 748 erit
827 680 861 748 iu
896 682 1076 759 divisiones
1109 713 1149 760 ex

181 786 229 854 50
254 794 464 867 constantes,
500 797 533 855 et
557 811 741 882 numquam
767 814 927 864 numerus
952 801 1062 893 major
1086 827 1150 872 eo-

180 898 257 968 dem
289 899 366 968 loeo
401 898 500 968 simul
524 901 678 972 laborare
705 903 857 986 debebit,
892 908 935 977 ad
961 914 1149 986 evitandam

177 1011 454 1080 consuetudinem
488 1022 522 1083 at
556 1015 598 1086 ad
628 1015 810 1087 faciliorem
837 1019 1042 1094 reddendam
1071 1051 1150 1097 cus·-

179 1124 317 1194 todiam.
336 1165 337 1168 π

229 1235 265 1304 Si
290 1258 395 1326 opera
419 1257 488 1304 non
514 1236 615 1328 longe
642 1263 812 1310 aearcere
830 1243 943 1326 abest,
969 1259 1069 1318 nocte
1088 1274 1148 1321 eos

176 1348 211 1417 in
246 1349 371 1417 cellulis
404 1348 528 1417 includi
561 1350 661 1431 volo,
705 1351 765 1420 sed
799 1353 827 1424 si
861 1356 1016 1430 distantia
1048 1363 1147 1434 nimis

170 1460 259 1530 inter
303 1481 408 1550 opera
450 1470 484 1528 et
517 1485 710 1546 carcerem,
748 1474 821 1534 tum
853 1467 977 1541 horrea
1009 1476 1146 1548 mobilia

174 1571 409 1642 constituenda
434 1583 529 1656 sunt,
561 1576 618 1645 ubi
645 1579 691 1645 25
719 1579 841 1668 captivi
865 1581 900 1650 in
925 1593 1070 1680 utroque
1095 1589 1147 1660 la-

176 1697 267 1769 tere,
292 1685 434 1777 pedibu's
461 1687 585 1757 catenis
611 1688 744 1780 ligatis,
770 1690 804 1758 in
829 1693 923 1764 lectis
945 1697 1063 1790 ligneis
1080 1702 1146 1770 mi-

174 1797 345 1880 litaribus,
370 1810 570 1890 pernoctare
596 1811 766 1892 poterunt.

223 1910 298 1981 Rite
323 1911 461 1982 adhibiti
490 1912 679 1982 aemilius
706 1914 871 1985 sufficient
888 1919 931 1987 ad
949 1924 1144 1993 custodien-

173 2023 250 2094 dam
275 2025 415 2096 classem
440 2048 554 2094 unam.

218 2137 333 2218 Quum
360 2136 395 2205 in
420 2137 523 2206 alium
547 2137 660 2206 locum
678 2141 938 2226 transferuntur,
966 2147 1143 2221 cucullisa

168 2527 438 2596 condemnatorum,
478 2527 589 2601 opifices
617 2529 796 2585 adhibuisset.
848 2527 918 2606 Quid
945 2534 1014 2591 haec
1043 2549 1139 2598 autem

167 2614 315 2689 probant?
353 2613 447 2684 Nihil,
481 2619 534 2670 nisi
564 2619 636 2672 illud
665 2622 741 2690 quod
769 2641 828 2676 non
857 2625 957 2680 idoneo
989 2631 1073 2684 modo
1102 2633 1138 2688 ad

168 2722 255 2778 opera
286 2706 394 2759 diversa
413 2705 529 2760 adhibiti
546 2717 621 2760 sunt.
670 2705 820 2778 Ceterum,
847 2725 957 2770 sumtus
973 2721 1004 2772 in
1021 2717 1141 2789 Bagoas·

169 2795 260 2850 factos
285 2813 345 2850 non
374 2803 407 2848 ut
434 2796 535 2850 nimios
564 2797 738 2854 considerare
772 2821 894 2874 possum.
942 2804 1028 2862 Anno
1056 2807 1139 2868 1844.

167 2883 266 2958 ldpr.
286 2885 315 2938 in
325 2885 428 2938 tabulis
445 2889 552 2959 accepti
564 2897 592 2940 et
603 2891 729 2960 expensi,
748 2887 900 2968 (budget)‚
919 2901 1138 2970 requirebantur

168 2977 243 3030 circa
260 2969 395 3029 2000000
417 2976 474 3044 trs,
493 2985 522 3030 et
541 2987 604 3030 tum
624 2979 656 3030 in
675 2977 762 3034 Brest
779 2977 855 3037 2876
877 2987 1001 3057 detenti,
1025 2988 1138 3047 Boebe-

158 3066 223 3136 sort
243 3060 336 3133 1102,
355 3075 384 3118 et
404 3062 517 3119 Toulon
537 3062 613 3122 3638
634 3080 734 3139 erant,
755 3074 928 3143 quodfaeite
947 3075 1033 3135 7616.
1064 3080 1138 3158 Ergo

167 3159 241 3212 circa
256 3153 311 3212 261
333 3157 374 3210 frs
391 3175 526 3229 expensae
545 3157 575 3210 in
594 3159 714 3232 singulos
734 3164 883 3220 maleficos.

204 3245 309 3302 Nostra
322 3248 352 3301 in
368 3248 476 3318 patria,
495 3247 531 3301 cf.
552 3243 602 3302 W
597 3251 684 3319 echbl.
696 3269 753 3304 can
765 3254 814 3304 lzet
826 3249 902 3322 Regi
918 3253 953 3310 16
962 3253 1039 3313 Jan.
1056 3257 1138 3318 1845.

165 3333 288 3391 Maximo
308 3345 336 3389 et
354 3337 470 3390 minimo
489 3356 608 3391 numero
627 3351 737 3397 sumto:

201 3424 237 3482 In
255 3421 275 3480 8
294 3444 399 3480 carcer.
419 3427 583 3482 criminalib.
603 3425 936 3507 (strasgevangenissen).
976 3475 984 3491 .
1023 3433 1099 3494 3036

203 3513 239 3570 In
261 3513 296 3570 12
315 3533 420 3570 carcer.
440 3516 498 3570 mil.
519 3527 547 3570 et
566 3519 638 3573 civil.
688 3561 983 3581 .......
1025 3525 1096 3585 1191
1144 3593 1149 3606 ,

202 3603 238 3662 In
256 3602 294 3661 23
312 3624 418 3662 carcer.
438 3607 606 3663 detentionis
625 3609 738 3683 (hnizen
758 3631 812 3668 van
831 3614 946 3688 ernest.)
975 3656 983 3672 .
1041 3615 1098 3675 415

875 3741 912 3799 In
930 3715 1112 3809 tot—4652-

199 3819 285 3878 hnno
329 3819 423 3895 1816,
468 3828 611 3900 impensae
659 3832 906 3888 constituebantur
954 3857 1042 3912 usque
1097 3839 1133 3902 aid

162 3914 191 3968 11.
200 3909 363 3984 81606000
380 3917 410 3972 in
432 3935 575 3987 carceres,
594 3918 704 3989 (tamen
714 3924 908 3993 quaerendum
917 3936 1016 3986 utrum
1025 3934 1136 4008 impen-

161 4021 205 4056 sae
232 4006 479 4063 administrationis
505 4009 547 4063 his
578 4011 794 4084 comprehensae
822 4015 899 4084 sint,
936 4037 973 4072 an
1002 4022 1133 4096 impensis

162 4093 408 4152 administrationis
434 4100 567 4172 generalis
586 4097 846 4174 f9.996,299,66).
872 4135 910 4147 —-
950 4105 999 4164 His
1026 4113 1133 4168 omissis

162 4191 224 4236 tum
245 4186 342 4258 singuli
360 4189 500 4260 malefici,
518 4192 547 4244 in
560 4189 584 4260 s
601 4187 655 4244 175
675 4194 856 4264 computandi
877 4187 952 4256 sunt.
