2926 5034
664 529 707 597 61

250 715 293 782 D.
344 713 419 784 Jam
454 735 474 783 a
506 711 613 804 priori
645 719 790 780 mortem
823 711 1003 804 apoplexia
1027 712 1170 806 produci

198 824 441 894 admittendum
468 835 538 908 est,
580 847 624 894 ex
650 824 902 915 compressione
927 825 1037 896 valida
1061 849 1168 896 vena-

195 959 271 1007 rum
303 936 525 1029 ingelerium,
561 959 647 1030 quae
681 936 787 1028 magis
812 937 847 1005 in
874 939 1048 1030 superficie
1073 939 1170 1032 posi·

197 1056 274 1130 tae,
313 1049 465 1119 validiori
500 1049 730 1120 constrictioni
765 1050 934 1120 obnoxiae
962 1057 1041 1118 sunt
1066 1073 1167 1143 quam

199 1160 385 1242 carotides,
427 1185 514 1255 quae
539 1161 707 1230 nonnullis
733 1161 767 1232 in
794 1162 926 1232 casibus
953 1160 1062 1231 adhuc
1088 1183 1169 1232 san-

197 1274 333 1365 guinem
359 1273 489 1343 adferre
515 1283 670 1365 possunt.
717 1271 839 1366 (Venas
867 1283 900 1343 et
925 1274 1064 1344 arterias
1090 1295 1169 1344 ver-

156 1417 163 1433 ·
194 1385 339 1456 tebrales
366 1386 510 1468 omitto,
536 1385 698 1478 quoniam
722 1383 757 1452 in
784 1385 900 1455 eadem
926 1389 1062 1456 fortuna
1087 1409 1167 1456 ver-

194 1494 333 1591 santur.)
387 1497 486 1567 Certe
524 1497 649 1590 positio
686 1506 719 1565 et
751 1506 921 1568 structura
957 1497 1069 1592 laquei
1102 1497 1168 1569 hcc

192 1609 227 1679 in
266 1632 346 1680 casu
381 1633 538 1702 magnam
571 1609 777 1679 influentiam
810 1608 990 1680 habebunt.
1051 1610 1167 1692 Quum

171 1742 282 1792 'nunc
318 1723 354 1792 in
396 1722 595 1792 memoriam
627 1744 847 1804 revocamus,
892 1747 994 1816 quam
1027 1723 1166 1795 minima

195 1834 382 1928 quantitate
426 1835 598 1927 sanguinis
646 1835 826 1926 apoplexia
862 1834 1005 1927 produci
1037 1837 1164 1925 possit,

192 1947 258 2018 hoc
295 1958 530 2041 argumentum
563 1971 633 2018 non
666 1947 765 2040 plane
798 1955 837 2017 ut
860 1946 1081 2038 improbabile
1106 1972 1163 2016 re-

186 2060 292 2154 jicere
317 2083 511 2154 possumus.
984 2064 986 2068 ’

236 2174 278 2243 Ε.
329 2173 492 2264 Suspensi
523 2182 603 2264 post
636 2173 911 2243 constrictionem
943 2171 1056 2264 laquei
1090 2179 1161 2245 sta-

188 2283 249 2353 tim
280 2283 469 2354 immobiles
502 2291 658 2365 manent,
692 2281 796 2378 (quod
827 2307 935 2374 neg0,
976 2285 1017 2352 cl.
1042 2284 1158 2380 infra),

187 2418 293 2488 quum
317 2397 352 2466 in
377 2397 560 2491 asphyxiae
586 2397 730 2488 agonia,
757 2396 863 2488 magis
890 2405 1002 2464 motus
1017 2397 1158 2466 convul-

186 2509 277 2580 sivos
303 2511 534 2581 observamus
585 2506 646 2603 (of.
672 2509 823 2577 Nvuunu
847 2508 869 2576 l.
894 2507 938 2604 l.).

232 2624 271 2692 F.
322 2625 453 2715 Aspera
485 2621 625 2702 arteria,
660 2621 844 2690 secundum
877 2643 937 2690 eos
967 2622 1078 2692 minus
1103 2623 1155 2693 la·

184 2734 246 2802 oile
272 2733 569 2826 comprimeretur,
604 2732 663 2800 sed
687 2732 740 2812 id,
774 2755 850 2801 mea
875 2733 1053 2823 opinione,
1087 2735 1153 2804 mi-

181 2845 271 2916 nime
297 2856 335 2915 ut
360 2869 479 2916 verum
505 2843 769 2925 admittendum,
797 2851 831 2912 et
858 2844 967 2913 obiter
992 2845 1151 2915 hocloco

180 2959 412 3030 animadverto
440 2957 630 3052 sequentia;
657 2965 747 3025 certe
774 2956 899 3048 positio
927 2967 960 3026 et
982 2967 1151 3031 structura

181 3071 294 3168 laquei
329 3072 430 3141 etiam
462 3071 528 3141 hoc
560 3071 595 3140 in
627 3093 707 3139 casu
731 3069 940 3140 influentiam
965 3081 1145 3154 exercent,

183 3185 212 3255 si
251 3209 284 3256 v.
319 3210 348 3254 c.
383 3208 486 3276 supra
519 3192 578 3254 aut
610 3182 697 3252 inlra
729 3184 903 3276 laryngem
937 3185 1148 3276 applicatnr;

181 3299 248 3368 Sed
297 3297 504 3389 experientia
545 3296 681 3378 docuit,
737 3297 830 3390 quod
869 3296 939 3364 imo
979 3297 1148 3367 ossilicata

180 3391 301 3502 aspera
326 3409 449 3480 arteria
472 3411 577 3480 fracta
602 3409 852 3491 inveniebatur,
892 3417 926 3478 et
950 3407 1149 3504 plerumque

179 3757 263 3829 nique
281 3759 312 3813 in
332 3758 455 3814 colorem
473 3761 633 3816 coeruleum
652 3769 685 3814 ut
704 3762 734 3816 in
755 3761 885 3834 deliquio.
923 3758 1008 3817 Multi
1026 3763 1150 3821 cumbis

178 3851 366 3917 conveniunt,
400 3857 429 3904 et
456 3849 626 3908 confirmant
653 3853 748 3908 statim
773 3862 962 3926 symptomata
988 3856 1149 3928 apoplexiae

174 3940 260 4007 oriri,
289 3941 389 3996 deinde
414 3949 580 4014 stuporem,
609 3944 840 4012 somnolentiam,
877 3953 905 3998 et
933 3947 1024 4000 omnis
1050 3963 1147 4002 sensus

173 4028 364 4086 abolitionem.
413 4027 521 4086 Tamen
547 4035 723 4103 tenendum,
761 4037 846 4090 etiam
872 4043 985 4108 praeter
1014 4037 1045 4090 in
1076 4055 1145 4109 apo·

170 4117 279 4191 plenia,
306 4122 336 4176 in
363 4121 423 4177 aliis
450 4122 620 4198 lipothymiis
647 4126 744 4180 similia
775 4133 964 4198 symptomata
984 4126 1143 4198 prodromi·
1168 4185 1170 4189 Α

172 4225 222 4278 ee,
241 4209 391 4266 observari.
