2926 5034
792 499 839 566 lu

332 691 443 750 tamen
468 699 609 756 omnes,
635 699 703 748 una
727 699 835 761 voce,
859 681 945 752 bano
970 681 1198 752 crudelitatem
1222 681 1302 751 inu·

332 789 425 862 tilem
462 798 496 859 et
528 789 739 860 immoralem
769 792 939 884 judicant,
977 803 1011 864 et
1036 817 1220 888 numquam
1245 817 1303 862 re-

332 903 473 974 oentiori
506 912 659 993 tempore
691 904 725 972 in
759 905 858 995 praxi
884 905 1031 978 adbibita
1056 917 1116 977 est.
1166 909 1304 976 Praeter

330 1015 624 1095 inhumanitatem,
662 1016 727 1086 alia
764 1018 864 1088 etiam
904 1041 1005 1090 causa
1043 1029 1094 1089 est
1126 1043 1186 1090 our
1220 1039 1304 1086 con-

323 1130 515 1200 ·demnetnr.
565 1129 638 1198 Lex
671 1131 822 1220 poenalis
856 1132 963 1223 magis
997 1132 1130 1201 videtur
1156 1131 1303 1222 speeiem

330 1263 411 1333 prae
445 1263 482 1308 se
513 1241 601 1308 ierne
634 1240 800 1314 vindictae
825 1244 987 1326 crudelis,
1022 1254 1056 1314 et
1080 1245 1301 1314 commisera-

327 1353 378 1422 tio
417 1373 494 1420 oum
530 1372 591 1420 reo
616 1353 807 1444 puniendo,
842 1366 876 1426 et
899 1355 1084 1449 indignatio
1109 1364 1301 1426 tormento-

328 1489 404 1535 rum
436 1464 639 1533 inlliotorum
671 1489 758 1557 qnae
792 1489 835 1536 ex
869 1466 933 1538 bac
963 1468 1201 1560 aggravatione
1227 1467 1300 1537 ori·

327 1589 461 1656 untur,
504 1575 729 1645 deterritionis
772 1579 915 1650 effeetus.
949 1581 1098 1650 minores
1137 1579 1301 1650 reddent?

325 1691 462 1760 minime
496 1687 585 1756 enim
617 1687 806 1760 buma‘nitas
837 1691 956 1762 cedere
981 1693 1081 1762 debet
1107 1715 1212 1785 scopo
1239 1693 1300 1762 de-

324 1800 519 1874 territionis.
579 1801 679 1870 Certe
721 1804 865 1873 seclusio
908 1803 975 1874 boo
1008 1815 1164 1898 respectu
1199 1826 1300 1897 prae-

324 1916 433 1995 valet,
471 1912 550 2005 quia
586 1913 714 1984 facilins
753 1917 1036 1988 modificationem
1072 1941 1203 2010 poenae
1236 1918 1300 1988 ad-

323 2029 437 2099 mittit.
494 2028 587 2096 Haeo
627 2035 738 2096 tamen
780 2028 995 2118 incommoda
1035 2030 1231 2099 minuuntur
1271 2029 1301 2098 si

323 2165 436 2235 poena
469 2139 610 2220 mortis,
647 2149 791 2231 utpote
816 2141 1031 2232 gravissima,
1064 2141 1298 2212 tantummodo

325 2255 360 2324 in
389 2252 581 2323 criminibus
606 2252 818 2343 gravioribus
845 2255 956 2324 caedis
983 2255 1200 2336 adhibeatur,
1237 2277 1296 2326 ra-

325 2367 398 2437 rius
435 2367 471 2436 in
497 2364 690 2435 criminibus
716 2365 906 2434 violationis
932 2368 1198 2455 possessionum.
1252 2370 1298 2458 Cf.

325 2481 424 2550 Bnns.
442 2481 649 2557 Consonus,
678 2479 910 2544 Commeotoire
926 2499 984 2545 sur
999 2479 1182 2567 Filooqieri
1201 2479 1256 2547 Cb.
1273 2481 1299 2552 2

318 2617 354 2684 p.
390 2594 433 2659 ll.
505 2589 621 2657 Poena
667 2589 810 2669 mortis,
850 2587 922 2658 sine
960 2588 1199 2680 aggravatione
1237 2601 1296 2662 aut

325 2701 575 2774 modificatione
616 2710 654 2772 ut
695 2723 808 2793 poena
853 2701 1052 2794 gravissima
1083 2704 1295 2775 reservanda

327 3004 367 3056 sio
387 3000 512 3071 corporis
531 2997 624 3068 equis,
642 2996 786 3066 suspensio
804 3015 836 3050 ex
853 2999 981 3052 mammis
991 2999 1203 3072 pudendisque,
1221 3003 1297 3058 inlu·

327 3093 418 3145 siones
437 3087 546 3162 plumbi
569 3083 709 3158 liquefacti
727 3093 756 3136 et
775 3084 896 3156 liquores
916 3089 1043 3142 acerrimi
1060 3090 1089 3144 in
1100 3109 1131 3143 os
1141 3110 1296 3164 naresque,

325 3189 469 3254 punctura
486 3177 627 3249 forcipum
642 3175 813 3247 ignitarum,
832 3177 925 3250 ligatio
945 3196 1029 3250 super
1040 3180 1098 3234 alta
1110 3191 1191 3250 rota,
1212 3201 1295 3256 rapa-

325 3272 403 3327 citati
433 3287 581 3324 cervornm
608 3267 742 3339 expositio
776 3264 822 3320 81¹.
869 3263 987 3322 Omnem
1016 3267 1220 3327 humanitatem
1248 3293 1296 3328 su·

325 3373 407 3437 perat
425 3380 517 3434 poena
542 3369 625 3416 antea
655 3358 757 3412 usitata
785 3357 861 3429 apud
888 3355 1060 3428 Germanos,
1090 3362 1121 3416 in
1147 3363 1210 3418 illos
1236 3364 1293 3422 lata

325 3455 372 3527 qui
393 3452 508 3508 arbores
539 3449 689 3505 corticibus
716 3449 820 3502 exuisse
849 3449 1097 3506 convincebantur.

362 3540 415 3598 Ex
442 3541 625 3596 ordinatione
655 3535 792 3593 Marcali
826 3559 864 3592 zu
903 3535 1065 3616 Oberyssel‚
1104 3565 1184 3599 anno
1210 3541 1292 3601 1634.

324 3652 338 3681 n
358 3629 395 3685 Es
425 3631 478 3685 soll
509 3629 641 3684 niemand
662 3627 768 3683 Baume
795 3629 825 3682 in
859 3629 910 3683 der
930 3627 1030 3687 Marclr
1057 3633 1204 3704 scheelen‚
1236 3655 1295 3690 wer

324 3741 338 3774 u
359 3722 408 3776 das
426 3721 523 3788 thum,
543 3720 607 3774 dem
625 3719 678 3774 soll
699 3737 766 3773 man
783 3720 877 3774 scinen
897 3716 987 3776 Nabel
1007 3742 1057 3778 aus
1078 3725 1181 3779 seinem
1199 3725 1293 3781 bancb

323 3831 338 3864 u
357 3811 527 3878 schneiden‚
542 3811 603 3865 und
622 3809 671 3866 ibn
689 3809 743 3862 mit
761 3808 921 3866 demselben
942 3831 979 3868 an
1002 3811 1153 3870 derBausu
1171 3815 1293 3887 nabun,

324 3920 338 3953 n
357 3901 418 3956 und
448 3899 607 3955 demselben
635 3897 834 3953 Baumscheler
857 3919 907 3953 um
936 3903 990 3956 den
1006 3902 1098 3958 Banm
1119 3905 1238 3975 iiihren,
1262 3927 1293 3962 so

325 4010 340 4042 n
361 3991 456 4064 lange,
481 3989 524 4042 bis
548 3989 607 4045 ihm
634 3989 707 4043 seins
725 3987 854 4060 gediirme
872 3990 925 4044 alle
951 4011 1001 4046 ans
1020 3995 1084 4048 dem
1101 3991 1215 4050 Benebe
1233 3999 1294 4053 und

267 4146 271 4154 .
323 4102 337 4135 n
356 4101 406 4136 um
434 4080 498 4134 dem
525 4074 615 4133 Baum
643 4095 795 4152 gewonnen
814 4079 911 4135 sindll
953 4077 995 4136 Gi.
1025 4079 1180 4140 Snsseuvu
1209 4082 1291 4144 Εἰσί.

317 4175 420 4243 forest.
443 4165 578 4224 German.
599 4173 721 4239 append.
743 4164 776 4223 G.
794 4189 824 4238 p.
844 4165 890 4226 46.
