2926 5034
325 675 399 722 sum
433 651 644 746 postulabat,
679 655 809 725 ratione
842 655 965 724 idonea
991 653 1167 722 defendere
1193 652 1297 722 debe-

321 765 390 834 bat.
416 807 465 820 ·-
515 767 582 837 Res
608 777 720 858 gestas
745 766 939 847 bominum,
975 787 1062 860 quae
1088 765 1212 835 directe
1238 775 1300 834 aut
1425 827 1426 836 ,

322 876 484 948 indirecte
522 877 787 950 adversabantur
811 879 889 948 buio
914 878 1115 960 commodo,
1152 875 1298 948 babebat

323 990 477 1074 illicitas,
515 991 705 1064 adversanti
747 1001 840 1062 certa
877 992 1043 1085 quaedam
1079 989 1296 1062 incommoda

323 1105 512 1198 infligebat,
551 1127 639 1198 quae
664 1104 693 1174 si
718 1103 866 1188 directe,
900 1127 1032 1195 poenae
1051 1103 1235 1198 juridicae,
1266 1100 1296 1170 si

324 1217 508 1302 indirecte,
533 1239 664 1312 poenae
690 1217 835 1288 morales
862 1227 966 1286 erant.

373 1331 493 1402 Primis
543 1329 752 1424 temporibus
794 1330 940 1400 vindicta
981 1351 1115 1422 semper
1156 1327 1295 1398 maximi

324 1443 486 1514 momenti
520 1442 555 1512 in
590 1443 683 1512 omni
715 1463 828 1533 poena
851 1441 1055 1524 habebatur,
1089 1439 1150 1510 sed
1175 1450 1296 1534 postea

324 1554 533 1648 legislatores
571 1561 662 1622 recte
693 1552 931 1630 intellexerunt
948 1604 970 1638 „
995 1554 1029 1624 in
1055 1576 1167 1646 poena
1193 1577 1294 1647 quam

325 1665 470 1736 societas
503 1665 623 1757 infligit
655 1688 828 1756 nunquam
852 1664 972 1748 licere,
1003 1666 1183 1736 vindictam
1208 1677 1296 1736 tam·

327 1801 429 1874 quam
454 1777 654 1872 requisitum
679 1777 862 1870 principale
887 1800 1037 1871 poenae,
1068 1779 1218 1872 priorem
1242 1779 1296 1849 lo-

326 1914 403 1962 cum
427 1889 562 1960 babere.

373 2005 467 2096 Ergo
499 2002 644 2073 vidimus
679 2003 775 2072 initio
809 2023 937 2094 poenas
971 2004 1078 2096 magis
1105 2005 1294 2076 constitisse

325 2116 519 2186 defensione
544 2125 578 2184 et
602 2114 765 2195 vindicta3
792 2114 911 2184 deinde
936 2115 971 2184 in
998 2117 1138 2188 diversis
1163 2120 1295 2212 legibus

324 2227 522 2322 poenalibus
548 2227 654 2320 magis
681 2227 846 2297 dominari
873 2229 1111 2322 cogitationem
1135 2255 1296 2325 repensa-

325 2342 448 2424 tionis,
482 2339 730 2422 retributionis,
763 2340 818 2409 vel
837 2341 923 2434 juris
949 2365 1011 2434 par
1036 2344 1110 2436 pari
1133 2346 1297 2416 referendi

326 2457 397 2527 sive
422 2455 574 2532 talionis;
608 2452 813 2522 humanitate
840 2462 953 2523 autem
978 2458 1216 2549 progediente‚
1249 2457 1296 2528 si·

325 2569 396 2639 mul
428 2566 582 2636 videmus
617 2565 777 2634 accedere
802 2568 1113 2658 compensationem
1138 2581 1172 2640 et
1196 2571 1295 2641 resti-

325 2681 491 2753 tutionem
526 2678 656 2760 damni,
682 2677 864 2750 tentamina
889 2680 932 2750 ad
951 2681 1127 2752 innoxium
1152 2684 1297 2753 redden-

326 2793 407 2866 dum
432 2801 490 2864 aut
518 2791 561 2862 ad
590 2791 855 2861 ameliorandum
879 2794 1066 2864 maleficum
1100 2805 1133 2864 et
1166 2797 1296 2867 securi·

327 2917 430 2978 tatem
463 2905 498 2972 in
527 2904 678 2972 futurum
716 2903 838 2972 timore
871 2927 1020 2996 poenae;
1064 2931 1151 3000 quae
1185 2912 1299 2981 omnia

326 3019 431 3093 modo
456 3016 540 3086 baec
565 3014 669 3083 modo
696 3014 760 3084 alia
786 3015 937 3086 videmus
965 3019 1149 3104 dominari,
1183 3024 1218 3092 in
1246 3023 1297 3093 di-

326 3131 432 3205 versis
456 3127 587 3220 legibus
613 3135 646 3195 et
670 3126 808 3197 theoriis
833 3131 1042 3222 poenalibus.

375 3243 518 3314 Diversa
551 3247 732 3333 systemata
766 3241 954 3312 describere
989 3254 1022 3314 et
1047 3246 1215 3340 explicare
1240 3249 1295 3320 ni·

325 3357 389 3431 mis
406 3349 554 3447 longum
580 3352 665 3435 erit,
696 3353 756 3424 sed
779 3354 1048 3448 interpretationi
1071 3361 1212 3432 faciliori
1237 3387 1295 3432 ar-

325 3477 584 3564 gumentorum,
620 3465 742 3558 quibus
769 3468 889 3540 deinde
914 3480 1013 3552 utar,
1037 3470 1148 3541 brevis
1176 3474 1297 3544 adum-

326 3585 436 3655 bratio
462 3579 723 3672 praecipuorum
748 3581 891 3650 fortasse
916 3603 986 3651 non
1010 3583 1134 3653 inutilis
1161 3586 1234 3656 erit.

376 3693 539 3766 Universe
582 3713 699 3760 omnes
742 3691 892 3765 theoriae
934 3695 1085 3769 diversae
1115 3697 1298 3790 poenales,

326 3809 418 3880 bisce
461 3804 593 3874 duobus
631 3805 810 3897 generibus
848 3808 1037 3902 praecipuis
1075 3813 1299 3906 comprehen-

326 3924 462 3994 duntur.

375 4034 548 4114 Alterum,
590 4051 721 4123 poenae
763 4031 862 4102 finem
895 4036 1001 4128 magis
1033 4041 1241 4122 considerat,
1280 4067 1310 4112 a

327 4139 510 4240 conspectu
543 4143 706 4236 spirituali
738 4143 808 4214 sive
834 4148 953 4218 morab
974 4149 1060 4243 juris
1088 4163 1119 4222 et
1145 4155 1298 4249 aequita-
