2926 5034
791 497 812 563 8

360 681 416 750 lV.
467 681 623 750 Tuuoun
648 701 934 763 nuncupaveris,
966 679 1198 774 (Praveutious
1225 695 1283 755 aut

311 791 505 887 sicherungs
540 793 717 890 Theona),
753 817 840 887 quae
865 794 925 865 has
951 793 1098 865 rationes
1125 797 1284 878 adhibet,

310 915 349 977 ut
373 908 474 978 finem
499 907 714 1000 propositum
739 908 898 1014 attingat:

363 1023 379 1090 1
417 1021 576 1092 Rationes
609 1042 697 1114 quae
730 1043 751 1090 a
781 1043 883 1090 causa
914 1022 1069 1092 auserunt
1093 1009 1313 1116 instigatio-'

307 1157 405 1217 nem,
442 1156 529 1228 quac
554 1131 741 1204 adducebat
766 1133 808 1204 ad
833 1133 1001 1205 actionem
1024 1135 1182 1205 illicitam.

360 1251 384 1318 2
418 1249 563 1319 Causam
592 1254 786 1316 moventem
815 1269 861 1316 sc.
887 1247 1075 1317 libertatem
1101 1268 1224 1318 ornare
1250 1257 1286 1332 et¹

311 1359 470 1442 erudire,
522 1367 560 1429 ut
600 1357 705 1428 homo
738 1359 875 1430 moralis
908 1359 1043 1430 resistat
1075 1359 1282 1452 instigatioui

308 1473 532 1566 provocanti,
567 1493 710 1562 eamque
737 1471 862 1540 domet.

359 1587 381 1657 3
406 1583 574 1656 Adhibere
607 1583 755 1653 rationes
782 1583 862 1651 satis
888 1606 1008 1676 graves
1034 1593 1069 1654 ct
1092 1585 1281 1656 molestiam

309 1698 504 1776 afferentes,
544 1695 587 1766 ad
613 1695 857 1788 oppugnandas
883 1719 1002 1768 causas
1027 1707 1280 1790 provocantes,

219 1889 221 1893 ,
309 1811 445 1904 quando
470 1809 606 1879 libertas
633 1808 776 1878 vacillat.

355 1925 394 1994 Iu
419 1931 599 2017 systemate
624 1921 774 2015 practico
799 1921 934 2013 poenali
959 1931 1072 1994 autem
1093 1943 1280 2014 numquam

305 2033 370 2107 hae
394 2036 542 2106 rationes
568 2043 742 2127 tamquam
767 2055 892 2125 scopus
918 2036 1110 2129 principalis
1133 2036 1280 2106 eminere

306 2158 473 2240 possunt,
525 2146 686 2238 quoniam
724 2145 864 2215 crimina
904 2147 1003 2218 nobis
1045 2149 1171 2242 fingere
1208 2169 1278 2216 nou

305 2281 488 2353 possumus
521 2258 586 2328 uisi
614 2259 829 2352 intempore
854 2261 1060 2352 praeterito,
1093 2281 1279 2353 numquam

303 2374 338 2444 in
363 2375 506 2446 futuro.'
544 2372 646 2444 Falso
671 2372 738 2443 huc
762 2375 954 2442 referuntur
979 2371 1083 2441 verba
1109 2393 1278 2452 sunnone,

305 2512 393 2583 quae
426 2486 526 2580 hujus
560 2485 710 2554 theoriae
739 2487 889 2556 fautores
916 2483 1046 2554 adferre
1072 2483 1206 2565 solent,
1240 2492 1279 2552 ut

304 2611 396 2672 recte
422 2597 664 2669 demonstravit
695 2600 760 2668 Vir.
790 2599 835 2667 Ol.
861 2596 902 2665 H.
927 2596 964 2665 C.
983 2596 1090 2665 Coun.
1111 2597 1279 2665 Commen-

305 2715 382 2786 tatio
408 2715 447 2784 de
469 2714 533 2807 fine
553 2713 668 2804 poenis
688 2712 873 2805 proposito,
909 2735 983 2781 cum
1008 2734 1050 2779 ecc
1074 2711 1124 2779 rei
1147 2711 1279 2780 veritate

304 2843 372 2899 tom
420 2850 461 2895 ecc
507 2826 655 2894 doctrina
691 2826 1002 2893 JureConsoltorom
1042 2823 1277 2894 Romanorum.

297 2940 447 3034 proemio
484 2951 603 3005 ornato
642 2936 743 3004 Grec.
781 2937 874 3003 tera.
935 2935 1092 3024 „Nemo
1130 2936 1278 3027 prudens

303 3051 449 3149 „punit
490 3047 570 3141 quia
611 3055 786 3138 peccatum
832 3053 883 3114 est
920 3046 980 3114 sed
1016 3069 1059 3115 ne
1096 3056 1278 3138 peccetur,

303 3218 326 3258 „
351 3161 505 3234 revocari
538 3159 627 3228 enim
664 3157 845 3250 praeterita
881 3179 951 3228 non
984 3169 1151 3250 possunt,
1184 3161 1277 3230 sutu-

302 3301 390 3370 „ra
422 3273 672 3370 prohibentur.‘'
723 3273 876 3341 Senecae
911 3275 950 3341 de
985 3274 1155 3344 Clementia
1181 3275 1278 3343 tum

297 3415 333 3484 p.
355 3393 419 3472 tc,
457 3398 530 3459 tum
566 3387 620 3457 vir
658 3387 707 3456 cl.
742 3385 855 3455 addit:
894 3433 916 3474 „
942 3384 1025 3456 haec
1059 3409 1139 3460 saue
1172 3386 1276 3458 verba

301 3557 324 3598 „
349 3503 399 3576 uti
437 3512 529 3573 certa
562 3499 709 3593 quadam
741 3497 873 3566 ratione
908 3509 1041 3582 sumta,
1079 3501 1162 3571 falsa
1197 3509 1275 3569 suut

300 3669 323 3710 „
351 3614 509 3695 dicenda,
542 3611 590 3681 ita
622 3611 687 3680 alio
725 3632 825 3679 seusu
859 3619 996 3702 accepta
1026 3635 1162 3682 auream
1188 3634 1273 3680 con-

301 3783 323 3823 „
350 3729 456 3798 tinent
488 3724 685 3803 veritatem3
729 3722 855 3814 quippe
889 3722 917 3792 si
951 3723 994 3792 ad
1027 3745 1155 3816 poenas
1190 3745 1274 3793 con-

298 3898 322 3940 „
349 3839 532 3912 stitueudas
566 3837 757 3930 referuntur
789 3833 1019 3926 plenissimum
1044 3846 1193 3907 meretur
1217 3859 1273 3907 as-

298 4009 321 4050 „
348 3952 512 4024 sensum.'’

345 4066 458 4142 Multis
484 4062 635 4157 partibus
661 4065 808 4156 systema
832 4063 898 4133 hoc
920 4061 1168 4154 praeventionis
1188 4082 1272 4132 cou-

297 4183 410 4266 venit,
458 4201 534 4249 cum
568 4185 746 4270 systemate
782 4177 954 4248 Gallorum
988 4173 1190 4244 defensionis
1216 4176 1270 4246 iu-
