2922 5024
755 479 802 553 88

287 684 350 732 nae
375 661 514 744 mortis,
550 659 592 730 do
619 681 688 752 qua
715 681 818 754 supra
843 662 992 753 egimus,
1026 685 1104 734 nam
1129 663 1263 760 legisla-

287 784 343 844 tor
369 783 431 844 art.
459 776 491 842 ὅ.
533 774 679 844 Decreto
709 775 749 842 11
778 775 860 843 Deo.
890 774 984 846 1813
1002 777 1132 848 verbis:
1169 782 1261 870 „De

288 937 311 978 „
338 888 423 956 strat
451 894 521 956 met
555 886 619 956 den
653 897 746 978 strop
773 886 885 956 wordt
910 909 998 957 voor
1025 889 1066 958 de
1092 891 1256 962 schende-

288 1051 311 1091 „
336 999 445 1088 lijlrste
475 998 672 1091 gehouden''
710 999 877 1070 minorem
910 1001 1081 1072 infamiam
1115 1006 1260 1098 conjun-

287 1113 336 1206 git
360 1135 491 1204 poenae
515 1113 654 1194 mortis,
681 1111 933 1204 decapitatione'
950 1125 1116 1205 peractae.

339 1225 503 1296 Universe
529 1223 743 1295 statuendum
768 1234 838 1308 est,
865 1225 893 1294 si
918 1249 1029 1318 poena
1053 1229 1172 1298 mortis
1199 1229 1260 1299 de-

288 1338 490 1432 capitatione
538 1337 739 1422 adhibetur,
790 1347 881 1408 certe
922 1340 1126 1430 guittotioom
1168 1341 1260 1412 omui

283 1452 389 1522 modo
424 1450 467 1520 ad
500 1473 575 1520 eam
605 1451 861 1542 perficiendam,
896 1452 1106 1543 aptissimum
1130 1453 1260 1524 instru-

285 1571 440 1633 mentum
465 1583 550 1629 esse.

336 1677 435 1744 Nune
467 1682 580 1743 autem
614 1673 678 1744 adia
711 1674 865 1766 quaestio
899 1675 1097 1766 gravissima
1129 1678 1262 1760 oritur,

285 1811 328 1858 an
362 1785 563 1878 decapitatio
594 1795 693 1879 aptus
718 1787 841 1857 modus
868 1787 911 1858 sit
935 1809 1003 1880 qua
1027 1811 1141 1879 poena
1163 1812 1259 1862 mor-

283 1901 327 1972 tis
368 1900 590 1993 perficiatur?
658 1899 702 1968 Et
740 1923 844 1993 quum
876 1922 1079 1991 responsum
1112 1903 1259 1972 maxime

283 2014 498 2088 humanitatis
545 2013 712 2094 interest,
759 2022 793 2082 et
830 2013 1069 2084 controversiis
1108 2015 1257 2084 nonnul·

283 2129 395 2198 lorum
427 2127 528 2197 variis
561 2124 671 2194 modis
703 2134 899 2218 oppugnata
932 2135 1002 2208 est,
1038 2126 1122 2196 haee
1147 2149 1259 2219 poena

283 2241 390 2332 magis
418 2237 606 2331 speeiaditer
631 2239 880 2329 perserutunda
905 2249 966 2310 est.

334 2352 547 2444 Sdmmering
588 2352 717 2444 primus
764 2352 961 2422 sententiam
1001 2353 1178 2441 exposuit,
1225 2362 1259 2422 et

285 2467 491 2560 argumentis
525 2465 605 2534 satis
640 2463 756 2534 validis
788 2462 1020 2543 confirmavit,
1051 2474 1131 2554 post
1155 2465 1257 2536 deca-

282 2580 481 2672 pitationem
528 2576 638 2647 adhue
684 2575 889 2670 aliquamdiu
936 2576 1187 2648 sensibilitatem
1225 2587 1265 2648 et

283 2691 524 2763 conscientiam
558 2691 610 2761 sui
642 2691 839 2783 perdurare.
900 2690 1149 2782 Cogitationem
1173 2691 1256 2761 hor-

283 2809 446 2889 rendam,
485 2814 586 2897 eaput
622 2813 814 2874 truncatum
848 2803 957 2874 adhue
984 2805 1157 2873 conscium
1183 2827 1257 2874 esse

246 2972 251 2984 .
284 2919 485 2989 conditionis
528 2939 628 2996 suae,
672 2916 778 2982 serius
821 2915 1122 2982 confirmaverunt:
1165 2917 1257 2997 Suu,

284 3031 469 3112 Onusuun,
506 3029 658 3108 Morou,
696 3027 858 3106 Wnnnr,
896 3026 1027 3105 Peru,
1067 3028 1257 3110 Gnossms,

283 3145 485 3222 Knauson,
533 3140 668 3210 Cusum
712 3147 745 3208 e't
788 3137 869 3207 civis
901 3143 1018 3205 noster
1054 3137 1096 3206 Α.
1131 3140 1258 3222 Monn,

286 3253 360 3352 (qui
385 3256 427 3326 de
451 3254 503 3325 his
530 3251 846 3351 commentationem
871 3249 960 3318 lectu
986 3249 1120 3342 dignam
1139 3252 1258 3336 edidit,

284 3373 319 3441 in
361 3377 458 3463 parte
495 3365 602 3458 priori
644 3363 859 3436 Mooodwerlc
896 3365 954 3432 der
991 3364 1066 3434 Ger.
1104 3367 1257 3465 Geoeesk.

284 3483 450 3562 Arodem,
483 3477 547 3546 nisi
577 3477 698 3559 fallor,
741 3476 835 3545 1842
866 3475 963 3567 edito·
980 3474 1021 3546 ab
1048 3476 1152 3548 altera
1176 3502 1257 3571 par-

286 3603 320 3663 te
346 3613 465 3660 eorum
491 3587 685 3680 opinionem
711 3597 1010 3680 oppugnaverunt:
1041 3591 1258 3676 Wunnmun,

286 3707 497 3780 Gurmorm,
530 3701 788 3784 Escnnuuarn,
828 3701 995 3784 Cunnum,
1017 3704 1154 3788 Zama,
1179 3705 1258 3775 L’n-

284 3815 451 3895 vennae,
477 3813 793 3896 Sonnmruunnnn,
818 3816 1011 3898 Murzoun,
1050 3825 1122 3885 oet:

335 3925 371 3997 Si
397 3925 513 4018 opinio
540 3927 777 4018 Sdmmeringii
802 3928 978 4019 probanda
1004 3936 1071 4009 est,
1098 3937 1170 3998 tum
1197 3931 1258 4001 de-

286 4041 443 4134 capitatio
469 4048 507 4109 ut
531 4063 642 4133 poena
668 4039 896 4110 erudelissima
922 4063 963 4108 en
980 4040 1255 4116 inhumanissima
1324 4130 1329 4136 ‚

283 4154 463 4249 rejicienda
497 4163 570 4236 est,
604 4177 682 4224 nam
707 4153 764 4224 illo
789 4154 893 4223 modo
920 4151 1023 4225 verba
1050 4157 1255 4229 exsecranda
