2922 5024
759 679 800 748 V.

340 839 456 908 Poena
490 830 762 927 strangulationis
794 829 1031 924 praeferenda,
1045 840 1097 905 est
1122 850 1265 924 snspen-

293 963 400 1047 sioni,
443 961 605 1058 quoniam
639 967 673 1029 et
698 957 904 1030 conscientia
927 956 982 1028 sui
1008 967 1042 1028 et
1066 957 1156 1041 vita,
1182 979 1268 1026 oon-

291 1090 465 1162 striotione
501 1085 695 1158 mechanica
749 1084 910 1156 continua
948 1093 982 1154 et
1017 1083 1181 1156 validiore
1213 1083 1266 1156 la·

292 1216 394 1312 quoi,
431 1214 550 1286 meluis
577 1210 718 1295 direnti,
756 1210 854 1282 eitius
880 1209 1133 1304 extinguuntur.

750 1366 808 1438 vl.

340 1524 413 1596 Neo
445 1521 634 1596 crassitudo
659 1520 795 1615 laquei,
832 1542 944 1616 neque
968 1518 1093 1590 modus
1119 1539 1264 1612 suspen-

292 1648 421 1734 sionis,
470 1645 561 1742 (onm
595 1645 783 1741 dejectione
815 1644 987 1728 violenta,
1030 1667 1107 1716 oum
1140 1645 1263 1716 rotati-

291 1774 433 1858 onibus,
457 1775 588 1846 wristed
610 1773 730 1844 motion
742 1822 754 1855 ,
784 1779 844 1842 aut
869 1770 941 1841 sine
965 1769 1046 1868 ictu)
1058 1822 1071 1856 ,
1095 1794 1171 1842 eam
1195 1771 1265 1843 vim

288 1899 433 1986 hahent,
468 1923 556 1995 quae
588 1900 746 1971 universe
775 1899 817 1970 iis
842 1897 1020 1981 tm‘buitur,
1055 1920 1161 1992 quanm
1185 1899 1264 1972 nnl-

289 2027 431 2100 lomodo
472 2029 606 2099 faveant
648 2024 881 2096 oonstn‘otioni
922 2023 1102 2109 validiori,
1139 2025 1266 2096 luxati-

291 2154 369 2237 oni,
416 2161 475 2225 aut
502 2152 613 2224 citiori
643 2151 841 2226 extinctioni
872 2151 962 2223 vitae
996 2161 1055 2223 aut
1089 2152 1265 2225 eonscien-

293 2278 360 2350 tiae
386 2278 450 2350 sui.

746 2434 816 2504 Vll.

343 2592 478 2660 Poenae
512 2587 734 2682 expositionis
769 2596 804 2657 et
837 2587 1000 2681 stigmatis
1035 2609 1175 2682 prorsus
1205 2614 1264 2662 re-

290 2715 456 2812 Jioiendao
481 2722 569 2784 sunt.

740 2871 828 2940 Vlll.

344 3023 484 3095 Infamia
516 3032 636 3095 natura
667 3043 729 3094 sua
752 3031 916 3115 perpetua
943 3031 1017 3106 est,
1051 3033 1085 3094 et
1109 3023 1196 3098 hano
1221 3025 1267 3096 ob

296 3174 369 3222 rem
392 3160 432 3222 ut
456 3173 569 3245 poena
592 3147 783 3245 rejicienda.

739 3305 811 3376 .1x.

345 3453 499 3560 systema
533 3461 688 3533 cellulare
720 3459 952 3553 virginianum
970 3459 1141 3536 'universe
1173 3466 1266 3558 opti-

297 3617 390 3668 mum
414 3590 605 3664 habendum
630 3599 691 3658 est.

739 3741 805 3812 ⁴X.

347 3907 451 3977 Reate
482 3903 636 3982 Mnnnn,
675 3899 810 3991 aspro,
836 3900 980 3992 oriqine,
1006 3913 1035 3971 et
1053 3903 1192 3993 proqris
1216 3905 1271 3974 des

299 4032 490 4105 institutione
507 4026 720 4120 judaieae,
756 4040 830 4096 tom.
863 4027 906 4106 V,
927 4048 963 4117 p.
997 4025 1082 4095 445.
1142 4077 1165 4118 „
1189 4027 1268 4098 L'a.

299 4213 321 4252 „
345 4157 486 4230 holition
526 4155 584 4225 des
622 4153 737 4246 peines
764 4151 969 4245 corporelles
994 4173 1037 4222 ne
1062 4161 1144 4245 peut
1172 4153 1268 4225 avoir
