2926 5034
186 1117 444 1196 Multus
477 1123 700 1200 Pom
728 1128 872 1204 PER
897 1129 1157 1210 susm·

232 1246 480 1326 §loturum
505 1255 592 1330 ΕΤ
612 1254 1104 1336 §unumunurm-

573 1382 774 1458 θΝΕΜ.

502 1646 840 1696 ψ

231 1913 387 2020 lleereto
423 1947 464 2014 11
501 1946 583 2016 Dee.
622 1947 736 2029 1813,
775 1956 856 2039 post
889 1949 991 2020 finem
1023 1949 1155 2042 imperii

180 2057 353 2132 Gallorum
389 2079 501 2149 poena
533 2059 653 2128 mortis
686 2060 811 2152 laqueo
844 2059 1026 2152 inlliganda
1051 2063 1152 2132 resti-

179 2171 357 2264 tuebatur,
407 2193 495 2261 quae
535 2171 627 2261 apud
663 2181 832 2242 nostrates
871 2172 1003 2244 duobus
1041 2174 1153 2244 modis

180 2280 385 2374 applicatum
424 2281 522 2350 Conf.
549 2291 611 2352 art.
638 2285 659 2350 d
687 2282 821 2352 decreti.

230 2443 253 2483 „
278 2395 330 2462 De
373 2393 459 2463 strui
491 2402 562 2462 met
599 2393 664 2464 den
703 2403 798 2487 strop
836 2393 949 2464 words
985 2415 1074 2464 voor
1111 2397 1153 2468 do

183 2557 206 2598 „
232 2506 485 2594 sohandelijlste
511 2505 706 2597 gebouden‚
733 2529 774 2575 en
800 2506 999 2598 uilgevoerd
1026 2507 1155 2600 ophel

182 2669 205 2710 „
230 2620 371 2690 sobavot
401 2643 464 2690 aun
489 2639 754 2709 manspersonen
782 2619 868 2688 door
892 2619 951 2688 bet
975 2620 1154 2713 ophangen

181 2783 204 2824 „
231 2754 295 2800 ann
328 2752 410 2798 eene
443 2729 540 2821 galg,
574 2752 616 2798 en
641 2753 704 2800 ean
734 2752 1042 2820 vrouwspersonen
1068 2732 1155 2802 door

179 2894 202 2934 „
228 2842 286 2912 het
311 2863 511 2936 verworgen
540 2863 602 2912 aan
630 2841 700 2911 een’
727 2841 803 2934 peel
829 2837 886 2936 (1).

220 3133 269 3211 (l)
307 3133 369 3192 Hoc
418 3135 584 3209 supplicium
616 3136 839 3208 antiquissimum
875 3157 987 3211 quoqne
1021 3135 1155 3193 Romanis

183 3231 327 3304 cognitum
345 3227 415 3294 tuit,
433 3228 526 3281 minus
546 3237 641 3282 tamen
656 3229 790 3300 generalis
807 3229 864 3282 eius
882 3247 950 3284 usus
969 3239 1038 3284 erat.
1077 3225 1155 3286 Non·

178 3337 336 3392 numquam
354 3317 541 3390 appellatione
557 3333 608 3372 sun
626 3334 736 3385 runos,
754 3319 887 3386 obvenit,
905 3336 1075 3392 quamquam
1085 3318 1154 3373 baec

178 3411 346 3486 plerumque
384 3421 495 3461 cuuunu
527 3407 671 3480 signifieat.
724 3406 830 3464 Tamen
861 3407 1046 3464 differentiam
1073 3409 1151 3463 inter

178 3500 248 3554 haec
267 3498 361 3553 adesse
391 3495 539 3560 confirmat
563 3495 696 3553 Isrnonus
724 3495 757 3552 L.
787 3495 823 3556 V.
867 3518 881 3553 u
902 3496 1082 3567 Patibulum,
1108 3501 1151 3554 in·

179 3591 292 3662 nquit,
318 3587 401 3660 vulgo
428 3586 508 3641 turca
537 3589 715 3660 appellatur,
740 3589 788 3644 sed
806 3589 926 3663 patibuli
945 3591 1040 3644 minor
1060 3607 1152 3662 poena

178 3701 192 3735 n
213 3697 298 3754 quam
328 3677 437 3745 crucis,
464 3695 530 3732 nam
550 3679 711 3752 patibulum
735 3695 883 3752 suspensos
903 3699 969 3735 mox
988 3680 1149 3748 examinat,

177 3789 191 3822 u
211 3789 280 3826 crux
311 3776 407 3823 autem
434 3767 529 3822 affixos
560 3769 609 3824 diu
630 3767 798 3825 excruciat.”
827 3801 866 3812 —
891 3767 1023 3826 Germani
1042 3771 1151 3826 dudum

176 3863 335 3935 proditores
364 3858 537 3931 suspendisse
564 3877 597 3914 ex
622 3861 771 3916 arboribus
799 3861 857 3915 sine
877 3871 1036 3934 apparatu,
1074 3863 1152 3916 testis

176 3963 217 4008 est
236 3950 358 4007 Trcrrus
377 3961 405 4004 et
425 3947 590 4004 Gnnoonrus
612 3947 769 4005 Turonens.
798 3946 894 4004 L.11.
925 3948 995 4022 Gap.
1016 3948 1088 4008 XVI
1116 3957 1150 4006 de

175 4045 275 4106 mirac.
315 4039 351 4096 In
382 4051 470 4096 const.
500 4041 608 4096 crimin.
642 4039 764 4096 Carolin.
796 4044 933 4096 sententia
963 4052 1040 4098 orat:
1076 4061 1089 4093 u
1110 4062 1157 4098 an*

174 4153 189 4185 u
210 4134 263 4188 den
284 4130 387 4206 Galgen
407 4134 459 4187 mit
478 4132 543 4185 dem
562 4142 658 4206 strong
677 4134 746 4189 oder
765 4131 879 4202 butten,
897 4151 962 4188 vom
983 4133 1064 4188 leben
1083 4151 1147 4186 zum

174 4242 188 4274 o
209 4225 271 4278 todt
289 4223 394 4297 gerieht
413 4219 553 4284 werden)
