2922 5024
652 455 716 524 ltt

195 639 310 710 idealis
337 647 412 718 est,
445 637 641 728 praesertim
667 645 784 708 nostra
808 637 841 706 in
869 637 976 727 patria
1003 639 1058 708 nli
1085 639 1167 730 stig-

194 776 250 821 ma
283 750 487 836 vestimentis
522 749 645 842 tegitur
679 749 749 846 (l),
788 749 846 818 sed
882 750 1003 818 suflicit
1028 753 1165 842 experi-

194 864 317 934 entiam
343 865 488 943 docere‚
513 862 600 934 hauc
624 862 819 954 opinionem
844 861 989 932 existere
1014 862 1070 956 (2).

243 975 355 1046 Etiam
408 976 469 1069 qui
524 977 673 1048 lautores
728 974 826 1068 hujus
881 997 1012 1066 poenae
1066 987 1165 1058 sunt,

199 1090 368 1160 adducunt
400 1111 464 1182 pro
499 1111 539 1157 ea
565 1087 659 1180 quod
683 1087 783 1158 efficit
808 1096 845 1158 ut
869 1085 1016 1157 rediciva
1040 1089 1166 1158 facilius

198 1201 461 1293 dignoscantur,
505 1200 598 1292 quod
631 1199 797 1270 faciliores
845 1198 957 1268 reddit
989 1202 1167 1292 persequi-

195 1314 303 1383 tiones
329 1313 484 1404 politiae,
520 1335 606 1406 quae
632 1311 765 1403 saepius
800 1310 902 1382 hacce
935 1315 1165 1402 praesumtio-

194 1451 237 1496 ne
261 1426 295 1498 iu
320 1426 410 1498 viam
433 1434 560 1496 rectam
585 1423 727 1494 ducitur.

242 1539 277 1608 Si
313 1537 396 1608 haec
430 1538 519 1608 serio
555 1547 589 1606 et
622 1547 719 1607 extra
746 1536 863 1630 jocum
897 1546 935 1606 ut
967 1537 1166 1627 requisitum

187 1649 418 1722 'necessarium
456 1673 587 1742 poenae
625 1649 777 1741 accipere
811 1649 991 1730 volumus,
1027 1652 1165 1740 ‘prolec-

233 1997 281 2072 (l)
319 1995 354 2056 ln
382 1999 441 2054 aliis
468 2000 628 2072 regionibus
658 2017 683 2052 v.
704 2015 728 2054 c.
755 1995 869 2066 lluts,
896 1998 945 2052 ubi
964 2001 1062 2074 stigma
1081 2001 1165 2056 etiem

194 2090 223 2142 in
253 2089 347 2144 fronte
377 2089 552 2162 applicatur,
579 2088 707 2144 rudiores
733 2087 788 2144 hoc
815 2098 943 2162 respectu
973 2089 1166 2144 considerandi

194 2188 262 2233 sunt
289 2178 450 2233 hominihus
473 2181 533 2233 aevi
561 2179 653 2232 medii.
692 2175 759 2236 Jam
780 2175 988 2233 Cossrrrrrusus
1007 2179 1084 2234 hunc
1103 2201 1166 2235 mo·
1201 2181 1203 2186 '

195 2269 263 2324 dum
284 2287 390 2342 poenae
407 2269 590 2342 applicandae
609 2267 787 2340 improbavit.
827 2265 869 2322 cf.
902 2265 970 2322 (lod.
990 2269 1036 2322 tit.
1053 2265 1166 2326 vatt

196 2361 214 2415 l.
237 2355 281 2413 17.
319 2355 464 2432 »Siquis
490 2360 520 2414 in
539 2358 687 2413 metellum
714 2357 799 2412 suerit
825 2375 878 2430 pro
897 2360 1047 2414 criminum
1067 2361 1166 2432 depre-

192 2449 379 2506 »hausurum
399 2450 534 2522 qualitate
554 2450 720 2517 damnatus,
749 2449 864 2504 minime
883 2450 911 2504 in
932 2451 990 2504 eius
1009 2449 1078 2506 fecie
1097 2454 1166 2506 scri-

194 2559 208 2592 n
229 2541 334 2606 hatur,
354 2559 419 2594 cum
438 2549 466 2594 et
484 2541 515 2594 in
532 2542 663 2596 manibus
687 2550 715 2594 et
734 2541 764 2594 in
783 2541 854 2594 suris
873 2542 959 2613 possit
978 2560 1067 2614 poena
1086 2543 1166 2598 dam·

194 2650 208 2680 n
228 2631 349 2683 nationis
377 2647 435 2682 una
461 2630 640 2702 inscriptione
663 2629 879 2703 comprehendi,
916 2651 973 2703 quo
992 2634 1075 2686 secies
1094 2651 1165 2706 quae

195 2739 210 2769 n
231 2719 266 2774 ad
286 2718 493 2773 similitudinem
512 2721 728 2793 pulchritudinis
757 2729 785 2774 et
804 2721 929 2774 coelestis
946 2719 1085 2794 figurata,
1112 2727 1166 2778 mi·

199 2829 213 2861 n
233 2811 307 2864 nime
326 2805 511 2863 maculetur.”

233 2896 283 2972 (2)
311 2895 501 2954 »lenset-ou
529 2896 618 2971 qu'un
644 2897 776 2969 homme,
803 2901 851 2972 qui
875 2901 988 2956 lrdmire
1008 2908 1025 2958 d
1045 2901 1071 2958 le
1090 2901 1164 2956 seule

192 2992 277 3046 >ridde
297 2987 364 3064 qu'il
383 2999 464 3063 porte
484 3009 533 3044 sur
553 2991 591 3044 lui
612 2987 785 3064 l'empreinte
803 3011 842 3045 ou
862 2991 886 3044 le
898 2990 995 3046 cochet
1004 2992 1164 3064 ineffacahle

194 3101 208 3133 n
220 3082 253 3136 de
274 3079 425 3148 l'inlamie‚
443 3081 534 3152 puisse
553 3097 654 3135 encore
674 3083 762 3135 sentir
781 3078 930 3162 l'aiguillqn
951 3083 984 3136 de
1001 3081 1164 3138 l'honneur!

191 3191 205 3224 u
217 3169 257 3226 Le
276 3171 429 3225 sentiment
447 3170 481 3224 de
501 3170 634 3224 saliente
654 3169 679 3224 le
699 3169 809 3224 tiendra
828 3171 898 3224 dans
917 3189 973 3225 une
987 3172 1163 3228 humiliation

193 3283 207 3315 u
219 3261 377 3336 profunde,
394 3259 415 3313 il
434 3277 463 3313 ee
482 3261 573 3315 croire
591 3275 655 3315 rans
676 3277 748 3314 cesse
767 3279 802 3314 en
821 3261 902 3316 butte
922 3279 959 3314 au
978 3263 1080 3333 mepris
1099 3272 1127 3316 ct
1147 3270 1164 3318 e

192 3350 411 3425 ol'indignatiou
438 3349 593 3422 puhlique,
621 3360 650 3404 et
678 3360 822 3406 comment
849 3351 919 3406 dens
938 3361 1010 3406 cette
1029 3353 1161 3406 situation

191 3452 361 3498 ›tremonter
388 3459 443 3496 eux
473 3439 621 3496 habitudes
649 3441 682 3494 de
709 3441 736 3496 le
765 3451 846 3494 vertu
877 3450 906 3494 et
925 3460 979 3494 aur
998 3444 1161 3496 sentimenta

192 3555 205 3583 n
217 3531 341 3588 d'estime
365 3531 399 3586 de
419 3532 458 3586 lui
477 3531 585 3588 mdrue!
627 3526 671 3583 011
691 3531 750 3586 doit
769 3533 843 3587 donc
862 3531 990 3585 craindre
1010 3531 1044 3585 de
1064 3531 1160 3604 prodi-

192 3641 284 3698 oguer
312 3641 368 3677 unc
395 3624 476 3695 peine
505 3623 553 3695 qui
577 3623 730 3694 exposerait
750 3621 774 3676 le
794 3641 877 3695 corps
895 3621 978 3676 social
997 3627 1013 3676 d
1033 3621 1067 3676 tle
1086 3639 1159 3676 nou-

186 3733 200 3766 n
211 3733 299 3769 veaux
317 3709 484 3768 malheure.”

227 3801 373 3860 Observat.
392 3807 427 3856 de
447 3803 552 3856 triburi.
571 3797 687 3871 d'appel
703 3807 738 3855 de
760 3798 860 3869 Caere,
886 3821 916 3870 p.
937 3795 964 3853 7.
1007 3795 1157 3854 (desueta

190 3892 265 3950 Gour
283 3893 381 3965 d'app.
403 3897 437 3946 de
454 3889 626 3959 Bruxelles,
653 3912 682 3962 p.
704 3888 731 3947 3.
783 3887 847 3946 obs.
878 3893 918 3943 du
943 3890 1006 3944 trib.
1027 3887 1107 3945 crim.
1123 3894 1158 3943 de

186 3984 268 4042 likin
287 3996 316 4038 et
326 3981 406 4040 Mos.
425 4004 454 4054 p.
466 3979 495 4038 9.
537 3977 600 4035 obs.
620 3984 660 4034 du
679 3983 743 4036 trib.
759 3982 840 4036 crim.
858 3985 892 4035 de
913 3983 944 4032 la
959 3977 1065 4049 Serre,
1080 4003 1109 4050 p.
1128 3977 1157 4034 2.

190 4073 254 4130 (les.
281 4079 322 4130 du
352 4076 416 4130 trid.
440 4076 520 4130 crim.
544 4077 580 4126 do
599 4069 707 4128 Maure
733 4081 760 4126 et
779 4065 886 4140 boire,
913 4093 943 4142 p.
963 4068 990 4126 3.
1039 4067 1102 4124 oss.
1122 4075 1156 4124 dc

189 4171 220 4218 la
242 4163 416 4221 decrerim.
439 4171 476 4221 du
498 4160 595 4230 Garri,
621 4183 648 4235 p.
669 4159 696 4216 7.
