2926 5034
778 495 821 563 to

312 673 368 748 alii
398 670 592 767 philosophi
617 675 822 746 recentiores
850 675 964 748 Gallici
990 672 1047 770 (1).
1100 672 1198 758 Quae
1222 697 1281 746 ra-

313 789 361 858 tio
389 809 594 881 quamquam
619 787 654 857 in
679 787 811 860 theoria
828 811 937 881 aequa
953 787 1126 870 videatur,
1151 789 1185 860 in
1202 812 1283 880 pra·

315 902 351 972 xi
376 909 489 970 tamen
513 923 581 968 non
599 923 707 992 aeque
723 900 894 982 habenda,
920 925 983 972 nec
1000 902 1205 972 admittenda
1222 911 1283 972 est.

364 1017 510 1106 Perfecto
548 1015 624 1082 telio
667 1021 800 1082 exstare
841 1037 910 1084 non
947 1025 1079 1107 potest,
1123 1015 1286 1107 quoniam

313 1148 497 1219 numquam
537 1124 605 1194 duo
642 1122 796 1194 homines
834 1126 869 1196 in
907 1126 970 1198 hac
1006 1137 1119 1208 terra,
1164 1128 1285 1198 iisdem

315 1239 562 1310 conditionibus
581 1239 673 1308 omni
690 1249 846 1330 respectu
861 1239 1006 1310 suerunt.
1061 1242 1152 1310 Tatio
1172 1244 1285 1312 Gauda

314 1374 416 1445 saepe
453 1353 549 1422 valde
591 1351 730 1421 diiticilis
768 1361 827 1420 aut
863 1351 1078 1444 impossibilis
1121 1352 1205 1432 erit;
1254 1353 1285 1424 si

313 1488 396 1536 vero
435 1465 629 1544 adhibetur,
671 1463 871 1555 plerumque
907 1465 1053 1556 injusta,
1090 1466 1145 1536 vel
1182 1465 1284 1538 etiam

312 1577 481 1648 interdum
514 1575 697 1645 immoralis
724 1575 796 1644 erit.
849 1575 1033 1657 Quomodo
1058 1578 1282 1650 incendiarius

312 1689 518 1782 puniretur?
549 1689 639 1757 Num
665 1687 899 1758 combustione
925 1712 1006 1759 suae
1022 1690 1137 1782 ipsius
1164 1691 1282 1762 domi?

311 1803 380 1874 Aut
403 1803 482 1870 furt
508 1802 598 1869 Num
622 1801 713 1868 furto
739 1802 942 1893 reciproco?
968 1803 1090 1873 Antis
1118 1804 1176 1895 qui
1200 1805 1284 1876 lalsa

311 1924 450 1984 moneta
491 1912 601 1994 fecit,
649 1913 752 1982 edidit
789 1924 848 1985 aut
885 1915 1063 1986 alteravit?
1125 1916 1216 1988 Num
1254 1917 1286 1990 ei

313 2028 431 2100 eadem
465 2025 626 2096 solvenda
660 2031 763 2094 sunt?
800 2030 838 2096 ln
865 2038 983 2121 stupro
1011 2039 1102 2100 certe
1128 2039 1163 2100 et
1187 2031 1285 2102 adnl-

312 2141 419 2222 terio‚
453 2140 534 2208 talio
564 2139 711 2208 maxime
735 2139 918 2211 immoralis
945 2151 1045 2212 esset.
1103 2143 1148 2212 Et
1172 2154 1284 2214 tamen

310 2255 461 2322 Kanrtm
489 2274 563 2322 eam
589 2252 836 2322 commendavit
862 2263 896 2324 et
920 2255 1050 2326 voluit:
1081 2307 1103 2348 „
1129 2257 1174 2326 Ut
1195 2280 1283 2350 poe-

290 2357 333 2458 ‘„
359 2388 403 2434 na
437 2364 677 2457 aequiparetur
706 2366 796 2436 malo
831 2366 925 2456 quod
959 2368 1155 2459 dehnquens
1187 2370 1304 2440 alteri‘

309 2480 480 2572 „inferre
510 2477 636 2556 voluit,
675 2487 733 2546 aut
763 2486 802 2546 ut
827 2477 870 2546 ad
897 2478 1038 2548 eandem
1063 2503 1217 2552 normam
1244 2506 1282 2552 e-

310 2644 333 2683 „
359 2592 495 2682 rigatur
520 2590 563 2660 ad
590 2612 692 2682 quam
718 2589 802 2659 alios
828 2589 902 2680 ipse
928 2593 1101 2685 exegerit,
1128 2602 1162 2664 et
1188 2597 1283 2689 quod

312 2757 335 2796 „
362 2705 425 2774 sihi
450 2703 602 2796 permisit
625 2703 660 2773 iu
685 2703 789 2787 alios,
819 2703 854 2774 id
879 2703 950 2774 aliis
975 2706 1011 2775 in
1036 2729 1115 2778 eum
1139 2709 1281 2802 permit·

312 2871 336 2912 „
361 2818 480 2889 tatur.”

362 2933 401 3000 ln
427 2929 512 2998 Cod.
536 2950 637 3019 poen.
662 2937 782 2996 nostro
808 2929 917 2998 adhuc
941 2934 1133 3022 exemplum
1151 2935 1282 3004 talionis

312 3043 501 3116 invenimus
526 3040 560 3110 iu
586 3047 649 3108 art.
679 3040 760 3110 182.
811 3043 850 3110 ln
876 3041 1171 3116 deliberationibus
1197 3069 1282 3117 eon-

313 3154 480 3227 troversia
514 3152 555 3221 de
588 3151 654 3221 hoc
688 3154 829 3223 articulo
864 3165 940 3226 orta
965 3167 1034 3240 est,
1074 3159 1133 3229 sed
1157 3159 1283 3234 hocin

314 3293 394 3342 casu
420 3290 494 3338 cam
518 3265 662 3335 retinere
687 3267 822 3358 placuit.

361 3385 418 3454 Vl.
469 3382 626 3450 Tnnonrn
660 3380 903 3450 Cotncrrronrs
935 3403 1133 3456 rsrcnrcnn.
1184 3385 1283 3482 (Psy-

312 3495 468 3568 chisohen
501 3491 686 3588 Zwanges).
748 3495 810 3564 Est
843 3506 989 3590 systema
1025 3499 1091 3570 hoc
1128 3509 1282 3594 tempore

311 3610 457 3681 maxime
489 3606 706 3700 praevalens,
746 3615 780 3676 et
814 3607 952 3700 dignum
978 3623 1117 3686 auctore
1140 3616 1279 3687 Faunu-

357 3915 406 3991 (l)
426 3914 499 3972 C'est
518 3917 543 3972 le
563 3918 704 3992 triumphe
724 3920 758 3974 de
778 3921 805 3976 la
825 3921 942 3993 liberte,
971 3926 1081 4000 lorsque
1100 3929 1141 3984 les
1160 3931 1211 3986 lois
1230 3935 1285 3988 cri·

312 4009 438 4065 minelles
466 4010 553 4063 tirent
581 4008 688 4081 chaque
716 4012 797 4082 peine
828 4014 862 4067 de
882 4014 908 4068 la
928 4026 1029 4071 nature
1047 4021 1225 4091 particuliere
1243 4025 1283 4079 du

311 4103 413 4168 crime3
443 4110 508 4155 tout
535 4097 702 4155 l'arbitraire
721 4119 814 4172 cesse,
843 4104 869 4160 la
889 4107 969 4178 peine
989 4125 1024 4161 ne
1044 4109 1154 4184 depend
1173 4131 1223 4186 pat
1242 4115 1282 4172 du

311 4193 420 4266 caprice
440 4191 478 4246 du
499 4191 664 4264 legislateur.
684 4223 721 4236 ·-
742 4191 785 4249 Cf.
805 4191 1017 4269 llncyclopedie.
