2922 5024
622 449 669 514 77

159 623 293 718 oblique
320 626 362 698 ad
388 627 523 720 occiput
548 627 674 720 vergit,
700 638 773 698 tum
797 629 903 720 magis
921 627 1129 720 compressio

158 761 318 810 venarum
351 739 558 834 jugularium
592 763 695 833 quam
720 741 907 812 carotidum
933 740 1131 812 arteriarum

159 850 412 936 observabitur,
447 854 626 926 situatione
652 854 890 946 profundiore,
917 862 951 922 et
976 863 1130 945 sympto-

160 973 251 1034 mata
284 966 479 1058 congesliva
504 975 537 1036 et
562 966 770 1058 apoplectica
793 964 899 1056 magis
926 965 1129 1034 eminebant.

210 1080 245 1146 2.
298 1077 412 1159 Quum
449 1077 590 1171 laqueus
629 1079 716 1150 inter
740 1079 913 1172 laryngem
941 1087 1038 1146 etos
1064 1077 1129 1169 hy-

162 1189 256 1258 o'r'des
291 1191 447 1282 ponitur,
485 1191 683 1282 praesertim
718 1214 823 1284 quum
847 1191 946 1283 juxta
972 1190 1132 1282 angulum

160 1301 314 1372 maxillae
347 1301 514 1372 inferioris
540 1312 574 1371 et
598 1324 796 1394 processum
820 1303 1044 1374 masto'r'deum
1069 1325 1131 1394 ap·

161 1413 323 1508 plicatur,
348 1413 396 1484 ita
419 1421 459 1482 ut
483 1413 518 1482 in
544 1436 621 1482 eum
646 1413 790 1496 nitatur,
815 1423 888 1483 turn
911 1439 993 1486 vasa
1017 1415 1132 1484 mino-

160 1525 191 1596 ri
226 1525 477 1617 compressione
511 1525 717 1606 afficientur,
757 1535 790 1596 et
823 1537 1050 1619 symptomata
1076 1549 1132 1597 as-

161 1637 316 1730 phyotica
339 1637 446 1730 magis
473 1638 655 1730 conspicua
682 1647 789 1708 erunt.
852 1641 963 1732 Supra
988 1640 1133 1710 vidimus

161 1753 325 1821 hulcus
364 1749 469 1820 hocce
505 1751 542 1821 in
575 1774 657 1822 casu
692 1750 920 1822 occlusionem
955 1753 1134 1844 spasticam
1191 1741 1195 1748 x

162 1861 310 1956 glottidis
336 1861 520 1934 admisisse.
1079 1942 1082 1948 ,

212 1976 247 2046 3.
298 1973 413 2056 Quum
454 1984 567 2046 autem
608 1973 749 2069 laqueus
791 1975 1008 2046 horizontalis
1049 1975 1138 2046 infra

164 2089 338 2182 laryngem
361 2075 520 2178 ponitur,
552 2087 647 2156 nervi
672 2112 778 2160 venae
804 2099 837 2158 et
863 2089 1005 2160 arteriae
1029 2087 1137 2180 magis

164 2199 447 2292 comprimentur,
474 2209 510 2266 et
533 2207 759 2291 symptomata
784 2201 977 2294 asphyctica
1002 2211 1035 2272 et
1052 2223 1138 2294 apo-

166 2312 309 2406 plectica
334 2312 513 2406 conjuncta
538 2311 817 2382 observabuntur.

215 2426 289 2496 Hae
315 2433 394 2494 sunt
418 2424 726 2495 animadversiones
746 2423 969 2507 theoreticae,
994 2423 1029 2492 in
1042 2422 1141 2516 praxi

168 2547 280 2614 autern
304 2537 440 2608 minime
466 2537 706 2618 observanturr
738 2537 908 2608 carnifices
933 2559 988 2606 me
1015 2536 1140 2606 certio-

168 2674 240 2721 rem
273 2649 491 2718 reddiderunt
520 2649 680 2740 laqueum
706 2657 743 2716 ut
768 2650 839 2726 fors
864 2649 929 2716 fert
955 2649 1044 2719 circa
1069 2649 1141 2718 col-

168 2764 238 2834 lum
270 2761 371 2854 poni,
411 2761 503 2830 solus
541 2760 689 2830 carnifex
721 2759 959 2830 Arnhemensis
988 2760 1142 2830 attende-

169 2876 227 2946 bat
260 2885 298 2945 ut
330 2875 496 2946 funiculus
527 2873 646 2945 nexilis
677 2871 792 2964 laquei
816 2872 922 2964 magis
948 2873 983 2988 ip
1009 2872 1143 2942 sinistra

170 2996 266 3081 parte
300 2987 430 3060 nuchae
456 2997 564 3070 esset,
598 2995 636 3056 ut
661 2983 936 3056 constrictionem
963 2985 1144 3056 arctiorem

174 3101 350 3172 obtineret.

222 3216 320 3284 Nunc
362 3211 528 3307 quaedam
565 3209 777 3280 observanda
814 3210 854 3278 de
893 3211 1144 3280 constructione

173 3327 285 3420 laquei
327 3335 361 3395 et
397 3323 500 3393 modo
539 3321 779 3414 suspensionis.
848 3321 1026 3390 Carnifices
1064 3321 1147 3390 mihi

173 3446 449 3511 monstraverunt
492 3436 634 3528 laqueos
676 3443 794 3504 nostra
825 3433 860 3504 in
893 3435 1014 3527 patria,
1035 3433 1144 3504 usita-

174 3563 248 3634 tos,
284 3548 342 3644 qui
357 3573 360 3582 ¹
376 3571 420 3618 ex
451 3549 591 3620 cannabi
616 3557 706 3618 torta
732 3547 901 3618 ordinaria
926 3547 1146 3620 crassitudine

175 3665 269 3759 digiti
301 3661 403 3734 medii
436 3661 580 3732 hominis
613 3661 755 3732 conlecti
784 3671 902 3742 erant,
937 3671 970 3732 et
995 3660 1147 3754 duplica-

173 3779 199 3848 ti
225 3777 313 3848 circa
338 3775 461 3844 collum
487 3774 705 3867 applicantur.
755 3772 923 3866 Apriori,
948 3773 1146 3866 praesertim

175 3915 279 3986 quum
320 3886 619 3962 animadverterem
656 3895 802 3956 mortem
835 3886 1034 3980 plerumque
1067 3894 1147 3978 post

180 4003 300 4074 8-10
318 4001 494 4094 scrupulos
509 3995 661 4093 (minuut)
674 4009 754 4092 post
766 3998 1022 4091 suspensionem
1035 3999 1148 4091 sequi,

180 4116 261 4185 mihi
294 4114 492 4187 videbantur
526 4113 608 4184 tales
642 4111 756 4204 laquei
781 4111 917 4182 minime
943 4134 1049 4204 scopo
1071 4130 1148 4180 res-
