2922 5024
642 483 708 551 133

231 663 345 754 Opera
380 671 497 732 coacta
530 663 663 754 publica
697 663 858 744 rudiora,
898 665 1029 734 ratione
1066 685 1152 756 quae
1180 667 1183 670 ’

181 797 258 866 pag,
288 775 357 843 126
384 797 435 866 sq.
469 775 614 846 indicata
647 787 716 858 est,
755 776 896 846 hiberno
923 788 1035 847 autem
1061 785 1149 844 tem-

181 910 288 978 pore,
325 895 396 960 cet:
430 909 535 979 quum
569 889 791 980 prohibentur
826 889 877 959 his
905 911 1043 971 vacare,
1079 899 1151 958 tum

183 997 259 1068 secl.
286 997 357 1068 cell.
408 999 548 1091 Virgin:

231 1113 384 1182 Poenae:
428 1113 515 1206 Syst.
548 1112 632 1183 cett·
661 1114 758 1184 Pons.
794 1093 870 1186 cum
905 1115 1015 1186 diaeta
1047 1133 1154 1203 aquae

182 1233 216 1293 et
252 1225 348 1315 panis
384 1225 456 1294 sine
494 1247 609 1318 opere.
673 1225 817 1296 Gravior
855 1249 989 1320 poena:
1037 1223 1155 1294 cellula

183 1336 329 1406 obscura
355 1345 388 1405 et
412 1337 584 1429 instigatio
609 1335 697 1407 intra
721 1361 849 1408 muros.

232 1449 320 1518 Ecce
354 1448 644 1520 adumbrationem
677 1453 866 1543 systematis
898 1450 991 1544 quod
1015 1449 1085 1518 lere
1112 1469 1156 1514 cx

183 1562 338 1631 omnihus
364 1561 436 1632 aliis
463 1562 687 1654 compositum
714 1573 775 1634 est.

235 1676 343 1766 Saepe
377 1673 632 1746 condemnatam
668 1677 781 1747 audivi
806 1677 1077 1771 conjunctionem
1104 1672 1156 1742 di-

183 1793 360 1856 versorum
393 1795 632 1880 systematum:
666 1812 734 1881 qua
764 1791 925 1860 ratione?
960 1812 1029 1859 non
1056 1785 1156 1856 intel-

183 1899 252 1992 ligo
287 1923 347 1969 cur
381 1922 488 1992 scopo
518 1899 758 1990 respondentia
783 1911 817 1971 et
841 1911 920 1994 apta
946 1924 965 1970 e
991 1907 1156 1992 systema·

184 2013 273 2083 tibus
299 2012 463 2094 diversis,
489 2012 648 2106 conjungi
673 2013 761 2083 inter
786 2037 823 2084 se
849 2011 1088 2106 nonpossint.

234 2127 327 2196 Haec
356 2125 517 2194 hactenus
551 2125 680 2196 dehac
705 2127 816 2218 specie
840 2149 1028 2220 poenarum
1053 2122 1156 2193 liber-

91 2243 94 2248 ’
185 2249 254 2308 tem
280 2236 512 2330 spectantium.
562 2237 632 2305 lam
650 2247 761 2308 tamen
779 2241 1011 2331 quaestionem
1026 2256 1158 2329 propo·

185 2374 267 2420 nere
301 2349 402 2442 cupio
429 2348 609 2436 omnibus,
652 2349 710 2444 qui
735 2350 900 2420 hodierno
925 2360 1079 2442 tempore
1104 2347 1157 2415 vi-

186 2487 240 2534 res
265 2473 335 2536 tam
360 2463 482 2535 acriter
505 2462 684 2532 intendunt
708 2463 955 2534 ameliorationi
972 2480 1155 2532 carcerum.

235 2579 349 2646 Homo
384 2574 503 2668 aliquis
540 2573 723 2656 invalidum
766 2585 967 2646 extenuatus
1000 2571 1154 2652 miseria,

188 2699 222 2759 et
256 2687 448 2757 criminibus
478 2707 618 2776 prorsus
646 2688 840 2768 conlectus,
879 2709 1031 2778 pauper,
1069 2707 1156 2775 pan-

186 2801 238 2872 nis
272 2799 424 2870 laccratis
455 2797 619 2878 vestitus,
658 2797 729 2866 sine
759 2799 826 2870 ulla
851 2797 1006 2869 facultate
1032 2796 1156 2889 opificii

188 2911 368 2984 exercendi
394 2933 461 3003 qua
486 2911 611 2981 victum
638 2911 870 3004 quotidianum
892 2935 1054 3007 quaerere
1070 2933 1156 3004 pos-

187 3029 253 3110 sit,
303 3024 577 3096 dissolutissimus
610 3023 782 3122 moribus,
820 3034 959 3118 potator
990 3023 1155 3094 strenuis·

188 3142 316 3220 simus,
357 3137 485 3218 verbo,
524 3137 626 3206 miser
660 3137 815 3207 omnibus
848 3136 991 3206 miseriis
1026 3145 1059 3204 et
1090 3137 1155 3206 cri-

188 3252 333 3323 minibus
372 3248 588 3341 inquinatus‚
629 3248 664 3318 in
699 3270 832 3318 carcere
866 3247 1013 3342 quodam
1048 3247 1158 3317 seclu-

192 3364 291 3434 ditur.

240 3478 323 3545 Post
358 3474 487 3568 aliquot
520 3497 626 3544 annos
659 3475 750 3545 idem
774 3475 877 3544 homo
904 3474 964 3544 sed
988 3499 1079 3546 nunc
1103 3499 1159 3546 sa·

189 3612 273 3672 nus,
320 3588 473 3678 validus,
519 3587 605 3658 bene
638 3587 783 3658 nutritus
818 3598 852 3658 et
877 3589 1040 3671 vestitus,
1079 3591 1159 3660 satis

191 3725 329 3796 quoque
363 3700 491 3792 peritus
522 3710 560 3769 ut
586 3700 700 3792 opifex
724 3701 915 3783 manuam,
958 3701 1058 3773 ctiam
1082 3725 1161 3774 mo·

190 3813 313 3886 raliter¹
347 3813 531 3894 educatus,
578 3823 793 3905 temperans,
835 3814 1036 3906 religiosus,
1083 3840 1159 3886 cum

190 3927 323 4018 peculio
359 3925 507 4018 quodam
537 3948 654 3996 rursus
679 3926 714 3995 in
740 3927 935 3996 societatem
959 3928 1158 4019 regreditur.

242 4040 340 4108 Nunc
372 4039 524 4133 plerique
559 4039 811 4109 amelioratcres
846 4034 1019 4108 theoretici
1045 4039 1159 4108 excla-

195 4151 349 4228 mabuntr
374 4174 443 4222 noc
471 4172 623 4221 srsrnnn
648 4173 760 4222 cunrn
787 4153 959 4222 orrrunn!
996 4153 1072 4242 Ego
1097 4175 1160 4221 au·
