<?xml version="1.0" encoding="UTF-8"?>
<!DOCTYPE html PUBLIC "-//W3C//DTD XHTML 1.0 Transitional//EN"
    "http://www.w3.org/TR/xhtml1/DTD/xhtml1-transitional.dtd">
<html xmlns="http://www.w3.org/1999/xhtml" xml:lang="en" lang="en">
 <head>
  <title>
</title>
<meta http-equiv="Content-Type" content="text/html;charset=utf-8" />
  <meta name='ocr-system' content='tesseract 3.04.00' />
  <meta name='ocr-capabilities' content='ocr_page ocr_carea ocr_par ocr_line ocrx_word'/>
</head>
<body>
  <div class='ocr_page' id='page_1' title='image "./depoenis00noltgoog_0100.png"; bbox 0 0 2922 5024; ppageno 0'>
   <div class='ocr_carea' id='block_1_1' title="bbox 749 477 797 546">
    <p class='ocr_par' dir='ltr' id='par_1_1' title="bbox 749 477 797 546">
     <span class='ocr_line' id='line_1_1' title="bbox 749 477 797 546; baseline 0 0"><span class='ocrx_word' id='word_1_1' title='bbox 749 477 797 546; x_wconf 83' lang='grc'><strong>86</strong></span> 
     </span>
    </p>
   </div>
   <div class='ocr_carea' id='block_1_2' title="bbox 287 607 1332 1425">
    <p class='ocr_par' dir='ltr' id='par_1_2' title="bbox 287 607 1268 1201">
     <span class='ocr_line' id='line_1_2' title="bbox 291 607 1268 750; baseline 0.001 -23"><span class='ocrx_word' id='word_1_2' title='bbox 291 667 345 728; x_wconf 89' lang='lat' dir='ltr'><strong>tro</strong></span> <span class='ocrx_word' id='word_1_3' title='bbox 377 656 468 739; x_wconf 86' lang='lat' dir='ltr'><strong>lieri,</strong></span> <span class='ocrx_word' id='word_1_4' title='bbox 503 607 640 748; x_wconf 78' lang='lat' dir='ltr'><strong>quando</strong></span> <span class='ocrx_word' id='word_1_5' title='bbox 666 655 901 726; x_wconf 82' lang='lat' dir='ltr'><strong>tantummodo</strong></span> <span class='ocrx_word' id='word_1_6' title='bbox 927 658 1102 750; x_wconf 81' lang='lat' dir='ltr'><strong>pressione</strong></span> <span class='ocrx_word' id='word_1_7' title='bbox 1127 681 1268 728; x_wconf 82' lang='lat' dir='ltr'><strong>exeres-</strong></span> 
     </span>
     <span class='ocr_line' id='line_1_3' title="bbox 287 769 1262 863; baseline 0 -23"><span class='ocrx_word' id='word_1_8' title='bbox 287 779 353 840; x_wconf 89' lang='grc' dir='ltr'>ιιιι.</span> <span class='ocrx_word' id='word_1_9' title='bbox 402 771 447 840; x_wconf 87' lang='lat' dir='ltr'><strong>Et</strong></span> <span class='ocrx_word' id='word_1_10' title='bbox 470 789 561 838; x_wconf 91' lang='lat' dir='ltr'><strong>nuno</strong></span> <span class='ocrx_word' id='word_1_11' title='bbox 585 777 761 860; x_wconf 86' lang='lat' dir='ltr'><strong>praeterea</strong></span> <span class='ocrx_word' id='word_1_12' title='bbox 785 769 989 853; x_wconf 89' lang='lat' dir='ltr'><strong>omittimus,</strong></span> <span class='ocrx_word' id='word_1_13' title='bbox 1015 770 1174 863; x_wconf 80' lang='lat' dir='ltr'><strong>agoniam</strong></span> <span class='ocrx_word' id='word_1_14' title='bbox 1200 782 1262 840; x_wconf 87' lang='lat' dir='ltr'><strong>aut</strong></span> 
     </span>
     <span class='ocr_line' id='line_1_4' title="bbox 289 880 1332 977; baseline -0.001 -24"><span class='ocrx_word' id='word_1_15' title='bbox 289 881 559 954; x_wconf 73' lang='lat' dir='ltr'><strong>malevolentiam</strong></span> <span class='ocrx_word' id='word_1_16' title='bbox 588 880 744 972; x_wconf 88' lang='lat' dir='ltr'><strong>patientis</strong></span> <span class='ocrx_word' id='word_1_17' title='bbox 769 903 840 951; x_wconf 92' lang='lat' dir='ltr'><strong>uon</strong></span> <span class='ocrx_word' id='word_1_18' title='bbox 864 882 1048 976; x_wconf 90' lang='lat' dir='ltr'><strong>impedire,</strong></span> <span class='ocrx_word' id='word_1_19' title='bbox 1082 882 1332 977; x_wconf 87' lang='lat' dir='ltr'><strong>quominus</strong></span> 
     </span>
     <span class='ocr_line' id='line_1_5' title="bbox 292 992 1269 1089; baseline 0 -23"><span class='ocrx_word' id='word_1_20' title='bbox 292 996 497 1089; x_wconf 80' lang='lat' dir='ltr'><strong>positionem</strong></span> <span class='ocrx_word' id='word_1_21' title='bbox 530 992 726 1084; x_wconf 81' lang='lat' dir='ltr'><strong>requisitam</strong></span> <span class='ocrx_word' id='word_1_22' title='bbox 760 1003 874 1064; x_wconf 89' lang='lat' dir='ltr'><strong>servet</strong></span> <span class='ocrx_word' id='word_1_23' title='bbox 907 1006 946 1067; x_wconf 89' lang='lat' dir='ltr'><strong>ut</strong></span> <span class='ocrx_word' id='word_1_24' title='bbox 980 997 1067 1067; x_wconf 82' lang='lat' dir='ltr'><strong>istus</strong></span> <span class='ocrx_word' id='word_1_25' title='bbox 1092 995 1156 1065; x_wconf 91' lang='lat' dir='ltr'><strong>rite</strong></span> <span class='ocrx_word' id='word_1_26' title='bbox 1180 995 1269 1066; x_wconf 87' lang='lat' dir='ltr'><strong>indi-</strong></span> 
     </span>
     <span class='ocr_line' id='line_1_6' title="bbox 292 1117 403 1201; baseline -0.02 -21"><span class='ocrx_word' id='word_1_27' title='bbox 292 1117 403 1201; x_wconf 81' lang='lat' dir='ltr'><strong>gatur</strong></span> 
     </span>
    </p>

    <p class='ocr_par' dir='ltr' id='par_1_3' title="bbox 292 1216 1270 1425">
     <span class='ocr_line' id='line_1_7' title="bbox 340 1216 1270 1312; baseline -0.002 -21"><span class='ocrx_word' id='word_1_28' title='bbox 340 1225 380 1291; x_wconf 92' lang='lat' dir='ltr'><strong>lu</strong></span> <span class='ocrx_word' id='word_1_29' title='bbox 404 1221 627 1299; x_wconf 76' lang='lat' dir='ltr'><strong>Humorem,</strong></span> <span class='ocrx_word' id='word_1_30' title='bbox 652 1216 712 1287; x_wconf 90' lang='lat' dir='ltr'><strong>ubi</strong></span> <span class='ocrx_word' id='word_1_31' title='bbox 737 1217 837 1289; x_wconf 88' lang='lat' dir='ltr'><strong>etiam</strong></span> <span class='ocrx_word' id='word_1_32' title='bbox 862 1219 975 1311; x_wconf 84' lang='lat' dir='ltr'><strong>gladio</strong></span> <span class='ocrx_word' id='word_1_33' title='bbox 991 1219 1170 1290; x_wconf 71' lang='lat' dir='ltr'><strong>decollatio</strong></span> <span class='ocrx_word' id='word_1_34' title='bbox 1188 1241 1270 1312; x_wconf 86' lang='lat' dir='ltr'><strong>per-</strong></span> 
     </span>
     <span class='ocr_line' id='line_1_8' title="bbox 292 1328 1273 1425; baseline -0.001 -22"><span class='ocrx_word' id='word_1_35' title='bbox 292 1332 421 1414; x_wconf 88' lang='lat' dir='ltr'><strong>lioitur,</strong></span> <span class='ocrx_word' id='word_1_36' title='bbox 455 1330 581 1424; x_wconf 91' lang='lat' dir='ltr'><strong>positio</strong></span> <span class='ocrx_word' id='word_1_37' title='bbox 616 1328 774 1421; x_wconf 85' lang='lat' dir='ltr'><strong>patientis</strong></span> <span class='ocrx_word' id='word_1_38' title='bbox 799 1332 908 1425; x_wconf 80' lang='lat' dir='ltr'><strong>magis</strong></span> <span class='ocrx_word' id='word_1_39' title='bbox 933 1355 1041 1425; x_wconf 84' lang='lat' dir='ltr'><strong>scopo</strong></span> <span class='ocrx_word' id='word_1_40' title='bbox 1066 1333 1273 1425; x_wconf 61' lang='lat' dir='ltr'><strong>responden</strong></span> 
     </span>
    </p>
   </div>
   <div class='ocr_carea' id='block_1_3' title="bbox 156 1437 1271 1537">
    <p class='ocr_par' dir='ltr' id='par_1_4' title="bbox 156 1437 1271 1537">
     <span class='ocr_line' id='line_1_9' title="bbox 156 1437 1271 1537; baseline -0.001 -22"><span class='ocrx_word' id='word_1_41' title='bbox 156 1437 165 1454; x_wconf 60' lang='lat'><strong>⁴</strong></span> <span class='ocrx_word' id='word_1_42' title='bbox 296 1445 450 1537; x_wconf 75' lang='lat' dir='ltr'><strong>alligatur</strong></span> <span class='ocrx_word' id='word_1_43' title='bbox 485 1443 585 1512; x_wconf 88' lang='lat' dir='ltr'><strong>sellae</strong></span> <span class='ocrx_word' id='word_1_44' title='bbox 619 1441 761 1522; x_wconf 90' lang='lat' dir='ltr'><strong>humili,</strong></span> <span class='ocrx_word' id='word_1_45' title='bbox 796 1453 830 1512; x_wconf 93' lang='grc' dir='ltr'><strong>ιι</strong></span> <span class='ocrx_word' id='word_1_46' title='bbox 864 1446 1013 1517; x_wconf 84' lang='lat' dir='ltr'><strong>carnifex</strong></span> <span class='ocrx_word' id='word_1_47' title='bbox 1046 1445 1183 1516; x_wconf 90' lang='lat' dir='ltr'><strong>sinistro</strong></span> <span class='ocrx_word' id='word_1_48' title='bbox 1210 1468 1271 1514; x_wconf 89' lang='lat' dir='ltr'><strong>oo·-</strong></span> 
     </span>
    </p>
   </div>
   <div class='ocr_carea' id='block_1_4' title="bbox 297 1553 1276 1757">
    <p class='ocr_par' dir='ltr' id='par_1_5' title="bbox 297 1553 1276 1757">
     <span class='ocr_line' id='line_1_10' title="bbox 297 1553 1276 1649; baseline 0.003 -23"><span class='ocrx_word' id='word_1_49' title='bbox 297 1580 388 1628; x_wconf 91' lang='lat' dir='ltr'><strong>mam</strong></span> <span class='ocrx_word' id='word_1_50' title='bbox 412 1553 644 1646; x_wconf 83' lang='lat' dir='ltr'><strong>prehendens,</strong></span> <span class='ocrx_word' id='word_1_51' title='bbox 669 1577 772 1622; x_wconf 90' lang='lat' dir='ltr'><strong>mauu</strong></span> <span class='ocrx_word' id='word_1_52' title='bbox 799 1554 940 1636; x_wconf 85' lang='lat' dir='ltr'><strong>dextro,</strong></span> <span class='ocrx_word' id='word_1_53' title='bbox 966 1557 1062 1628; x_wconf 83' lang='lat' dir='ltr'><strong>brevi</strong></span> <span class='ocrx_word' id='word_1_54' title='bbox 1086 1558 1233 1649; x_wconf 84' lang='lat' dir='ltr'><strong>gladio</strong></span> <span class='ocrx_word' id='word_1_55' title='bbox 1223 1583 1276 1628; x_wconf 87' lang='lat' dir='ltr'><strong>ro-</strong></span> 
     </span>
     <span class='ocr_line' id='line_1_11' title="bbox 297 1664 683 1757; baseline -0.005 -21"><span class='ocrx_word' id='word_1_56' title='bbox 297 1679 370 1740; x_wconf 87' lang='lat' dir='ltr'><strong>tum</strong></span> <span class='ocrx_word' id='word_1_57' title='bbox 394 1665 529 1738; x_wconf 78' lang='lat' dir='ltr'><strong>fatalem</strong></span> <span class='ocrx_word' id='word_1_58' title='bbox 553 1664 683 1757; x_wconf 84' lang='lat' dir='ltr'><strong>infligit.</strong></span> 
     </span>
    </p>
   </div>
   <div class='ocr_carea' id='block_1_5' title="bbox 221 1777 1275 2052">
    <p class='ocr_par' dir='ltr' id='par_1_6' title="bbox 221 1777 1275 1986">
     <span class='ocr_line' id='line_1_12' title="bbox 346 1777 1275 1874; baseline -0.001 -21"><span class='ocrx_word' id='word_1_59' title='bbox 346 1781 439 1854; x_wconf 87' lang='lat' dir='ltr'><strong>Haeo</strong></span> <span class='ocrx_word' id='word_1_60' title='bbox 472 1777 690 1848; x_wconf 77' lang='lat' dir='ltr'><strong>incommoda</strong></span> <span class='ocrx_word' id='word_1_61' title='bbox 721 1777 834 1849; x_wconf 83' lang='lat' dir='ltr'><strong>Gallos</strong></span> <span class='ocrx_word' id='word_1_62' title='bbox 860 1777 1073 1850; x_wconf 84' lang='lat' dir='ltr'><strong>adduxeruut</strong></span> <span class='ocrx_word' id='word_1_63' title='bbox 1097 1789 1136 1850; x_wconf 90' lang='lat' dir='ltr'><strong>ut</strong></span> <span class='ocrx_word' id='word_1_64' title='bbox 1161 1781 1275 1874; x_wconf 85' lang='lat' dir='ltr'><strong>aptio-</strong></span> 
     </span>
     <span class='ocr_line' id='line_1_13' title="bbox 221 1890 1274 2052; baseline 0 -88"><span class='ocrx_word' id='word_1_65' title='bbox 221 1943 224 1948; x_wconf 85' lang='lat'>·</span> <span class='ocrx_word' id='word_1_66' title='bbox 297 1917 372 1964; x_wconf 84' lang='lat' dir='ltr'><strong>rem</strong></span> <span class='ocrx_word' id='word_1_67' title='bbox 396 1891 537 2024; x_wconf 82' lang='lat' dir='ltr'><strong>modum</strong></span> <span class='ocrx_word' id='word_1_68' title='bbox 563 1890 789 1962; x_wconf 78' lang='lat' dir='ltr'><strong>exsecutionis</strong></span> <span class='ocrx_word' id='word_1_69' title='bbox 816 1903 1035 2052; x_wconf 72' lang='lat' dir='ltr'><strong>quaererent,</strong></span> <span class='ocrx_word' id='word_1_70' title='bbox 1074 1903 1109 1962; x_wconf 91' lang='lat' dir='ltr'><strong>et</strong></span> <span class='ocrx_word' id='word_1_71' title='bbox 1134 1893 1274 1965; x_wconf 87' lang='lat' dir='ltr'><strong>diversis</strong></span> 
     </span>
    </p>
   </div>
   <div class='ocr_carea' id='block_1_6' title="bbox 299 2118 1277 3108">
    <p class='ocr_par' dir='ltr' id='par_1_7' title="bbox 299 2118 510 2190">
     <span class='ocr_line' id='line_1_14' title="bbox 299 2118 510 2190; baseline -0.015 -2"><span class='ocrx_word' id='word_1_72' title='bbox 299 2122 374 2190; x_wconf 80' lang='lat' dir='ltr'><strong>Jan.</strong></span> <span class='ocrx_word' id='word_1_73' title='bbox 404 2118 510 2188; x_wconf 84' lang='lat'><strong>1790.</strong></span> 
     </span>
    </p>

    <p class='ocr_par' dir='ltr' id='par_1_8' title="bbox 299 2229 1277 3108">
     <span class='ocr_line' id='line_1_15' title="bbox 351 2229 1276 2360; baseline -0.001 -57"><span class='ocrx_word' id='word_1_74' title='bbox 351 2233 532 2304; x_wconf 81' lang='lat' dir='ltr'><strong>Goilletiou</strong></span> <span class='ocrx_word' id='word_1_75' title='bbox 565 2229 786 2321; x_wconf 82' lang='lat' dir='ltr'><strong>praeferenda</strong></span> <span class='ocrx_word' id='word_1_76' title='bbox 819 2238 871 2300; x_wconf 88' lang='lat' dir='ltr'><strong>est</strong></span> <span class='ocrx_word' id='word_1_77' title='bbox 901 2230 1139 2360; x_wconf 80' lang='lat' dir='ltr'><strong>decapitationi</strong></span> <span class='ocrx_word' id='word_1_78' title='bbox 1163 2230 1276 2324; x_wconf 84' lang='lat' dir='ltr'><strong>gladio</strong></span> 
     </span>
     <span class='ocr_line' id='line_1_16' title="bbox 300 2344 1277 2438; baseline -0.003 -23"><span class='ocrx_word' id='word_1_79' title='bbox 300 2355 475 2438; x_wconf 82' lang='lat' dir='ltr'><strong>peractae,</strong></span> <span class='ocrx_word' id='word_1_80' title='bbox 508 2344 595 2414; x_wconf 90' lang='lat' dir='ltr'><strong>iotus</strong></span> <span class='ocrx_word' id='word_1_81' title='bbox 631 2365 764 2435; x_wconf 86' lang='lat' dir='ltr'><strong>semper</strong></span> <span class='ocrx_word' id='word_1_82' title='bbox 789 2351 841 2411; x_wconf 88' lang='lat' dir='ltr'><strong>est</strong></span> <span class='ocrx_word' id='word_1_83' title='bbox 866 2353 997 2424; x_wconf 88' lang='lat' dir='ltr'><strong>eertus,</strong></span> <span class='ocrx_word' id='word_1_84' title='bbox 1032 2345 1066 2414; x_wconf 86' lang='lat' dir='ltr'><strong>vi</strong></span> <span class='ocrx_word' id='word_1_85' title='bbox 1092 2345 1277 2414; x_wconf 81' lang='lat' dir='ltr'><strong>sufficiente</strong></span> 
     </span>
     <span class='ocr_line' id='line_1_17' title="bbox 299 2452 1276 2546; baseline -0.004 -18"><span class='ocrx_word' id='word_1_86' title='bbox 299 2459 414 2528; x_wconf 83' lang='lat' dir='ltr'><strong>locum</strong></span> <span class='ocrx_word' id='word_1_87' title='bbox 449 2457 662 2546; x_wconf 84' lang='lat' dir='ltr'><strong>designatum</strong></span> <span class='ocrx_word' id='word_1_88' title='bbox 700 2452 850 2544; x_wconf 84' lang='lat' dir='ltr'><strong>attingit,</strong></span> <span class='ocrx_word' id='word_1_89' title='bbox 888 2464 923 2524; x_wconf 88' lang='grc' dir='ltr'><strong>ιι</strong></span> <span class='ocrx_word' id='word_1_90' title='bbox 959 2455 1086 2546; x_wconf 89' lang='lat' dir='ltr'><strong>positio</strong></span> <span class='ocrx_word' id='word_1_91' title='bbox 1120 2455 1276 2546; x_wconf 89' lang='lat' dir='ltr'><strong>patientis</strong></span> 
     </span>
     <span class='ocr_line' id='line_1_18' title="bbox 300 2565 1275 2661; baseline -0.004 -19"><span class='ocrx_word' id='word_1_92' title='bbox 300 2569 392 2661; x_wconf 82' lang='lat' dir='ltr'><strong>ligati</strong></span> <span class='ocrx_word' id='word_1_93' title='bbox 426 2567 558 2636; x_wconf 88' lang='lat' dir='ltr'><strong>firmata</strong></span> <span class='ocrx_word' id='word_1_94' title='bbox 583 2574 644 2634; x_wconf 84' lang='lat' dir='ltr'><strong>est.</strong></span> <span class='ocrx_word' id='word_1_95' title='bbox 702 2565 919 2659; x_wconf 81' lang='lat' dir='ltr'><strong>Quamquam</strong></span> <span class='ocrx_word' id='word_1_96' title='bbox 944 2567 1029 2638; x_wconf 79' lang='lat' dir='ltr'><strong>Galli</strong></span> <span class='ocrx_word' id='word_1_97' title='bbox 1052 2591 1090 2638; x_wconf 88' lang='lat' dir='ltr'><strong>se</strong></span> <span class='ocrx_word' id='word_1_98' title='bbox 1115 2568 1275 2638; x_wconf 88' lang='lat' dir='ltr'><strong>invento·</strong></span> 
     </span>
     <span class='ocr_line' id='line_1_19' title="bbox 300 2678 1276 2774; baseline 0.002 -24"><span class='ocrx_word' id='word_1_99' title='bbox 300 2703 355 2750; x_wconf 87' lang='lat' dir='ltr'><strong>res</strong></span> <span class='ocrx_word' id='word_1_100' title='bbox 390 2679 489 2774; x_wconf 85' lang='lat' dir='ltr'><strong>th&#39;us</strong></span> <span class='ocrx_word' id='word_1_101' title='bbox 523 2678 736 2750; x_wconf 86' lang='lat' dir='ltr'><strong>instrumenti</strong></span> <span class='ocrx_word' id='word_1_102' title='bbox 764 2681 984 2772; x_wconf 87' lang='lat' dir='ltr'><strong>profitentur,</strong></span> <span class='ocrx_word' id='word_1_103' title='bbox 1019 2681 1095 2774; x_wconf 82' lang='lat' dir='ltr'><strong>orig</strong></span> <span class='ocrx_word' id='word_1_104' title='bbox 1096 2703 1118 2752; x_wconf 92' lang='lat' dir='ltr'><strong>o</strong></span> <span class='ocrx_word' id='word_1_105' title='bbox 1144 2681 1216 2752; x_wconf 89' lang='lat' dir='ltr'><strong>eius</strong></span> <span class='ocrx_word' id='word_1_106' title='bbox 1241 2679 1276 2751; x_wconf 93' lang='lat' dir='ltr'><strong>in</strong></span> 
     </span>
     <span class='ocr_line' id='line_1_20' title="bbox 301 2791 1276 2886; baseline -0.002 -22"><span class='ocrx_word' id='word_1_107' title='bbox 301 2791 418 2864; x_wconf 80' lang='lat' dir='ltr'><strong>Persia</strong></span> <span class='ocrx_word' id='word_1_108' title='bbox 451 2792 565 2884; x_wconf 88' lang='lat' dir='ltr'><strong>potius</strong></span> <span class='ocrx_word' id='word_1_109' title='bbox 601 2792 795 2884; x_wconf 87' lang='lat' dir='ltr'><strong>quaerenda</strong></span> <span class='ocrx_word' id='word_1_110' title='bbox 830 2803 900 2874; x_wconf 88' lang='lat' dir='ltr'><strong>est,</strong></span> <span class='ocrx_word' id='word_1_111' title='bbox 938 2793 1040 2863; x_wconf 92' lang='lat' dir='ltr'><strong>ubi</strong></span> <span class='ocrx_word' id='word_1_112' title='bbox 1026 2817 1098 2886; x_wconf 84' lang='lat' dir='ltr'><strong>Jam</strong></span> <span class='ocrx_word' id='word_1_113' title='bbox 1133 2793 1276 2864; x_wconf 87' lang='lat' dir='ltr'><strong>seonrim</strong></span> 
     </span>
     <span class='ocr_line' id='line_1_21' title="bbox 303 2903 1276 2994; baseline 0 -20"><span class='ocrx_word' id='word_1_114' title='bbox 303 2906 477 2974; x_wconf 84' lang='lat' dir='ltr'><strong>uadentem</strong></span> <span class='ocrx_word' id='word_1_115' title='bbox 511 2903 715 2972; x_wconf 81' lang='lat' dir='ltr'><strong>adhibebant</strong></span> <span class='ocrx_word' id='word_1_116' title='bbox 740 2926 843 2994; x_wconf 88' lang='lat' dir='ltr'><strong>quam</strong></span> <span class='ocrx_word' id='word_1_117' title='bbox 870 2905 954 2973; x_wconf 90' lang='lat' dir='ltr'><strong>Galli</strong></span> <span class='ocrx_word' id='word_1_118' title='bbox 978 2905 1276 2986; x_wconf 86' lang='lat' dir='ltr'><strong>modificaverunt,</strong></span> 
     </span>
     <span class='ocr_line' id='line_1_22' title="bbox 302 3014 1277 3108; baseline 0.002 -24"><span class='ocrx_word' id='word_1_119' title='bbox 302 3037 409 3108; x_wconf 88' lang='lat' dir='ltr'><strong>quum</strong></span> <span class='ocrx_word' id='word_1_120' title='bbox 435 3014 544 3083; x_wconf 88' lang='lat' dir='ltr'><strong>oultro</strong></span> <span class='ocrx_word' id='word_1_121' title='bbox 562 3022 656 3082; x_wconf 88' lang='lat' dir='ltr'><strong>reoto</strong></span> <span class='ocrx_word' id='word_1_122' title='bbox 675 3015 912 3094; x_wconf 75' lang='lat' dir='ltr'><strong>contundenti,</strong></span> <span class='ocrx_word' id='word_1_123' title='bbox 938 3015 1083 3083; x_wconf 83' lang='lat' dir='ltr'><strong>cultrum</strong></span> <span class='ocrx_word' id='word_1_124' title='bbox 1101 3016 1277 3108; x_wconf 90' lang='lat' dir='ltr'><strong>obliquum</strong></span> 
     </span>
    </p>
   </div>
   <div class='ocr_carea' id='block_1_7' title="bbox 301 3125 1276 3220">
    <p class='ocr_par' dir='ltr' id='par_1_9' title="bbox 301 3125 1276 3220">
     <span class='ocr_line' id='line_1_23' title="bbox 301 3125 1276 3220; baseline 0 -20"><span class='ocrx_word' id='word_1_125' title='bbox 301 3132 413 3200; x_wconf 73' lang='lat' dir='ltr'><strong>torma</strong></span> <span class='ocrx_word' id='word_1_126' title='bbox 445 3128 475 3197; x_wconf 90' lang='lat' dir='ltr'>V</span> <span class='ocrx_word' id='word_1_127' title='bbox 518 3125 781 3208; x_wconf 86' lang='lat' dir='ltr'><strong>substituerunt</strong></span> <span class='ocrx_word' id='word_1_128' title='bbox 825 3127 883 3219; x_wconf 90' lang='lat' dir='ltr'><strong>qui</strong></span> <span class='ocrx_word' id='word_1_129' title='bbox 920 3127 1085 3220; x_wconf 87' lang='lat' dir='ltr'><strong>majorem</strong></span> <span class='ocrx_word' id='word_1_130' title='bbox 1122 3129 1276 3200; x_wconf 84' lang='lat' dir='ltr'><strong>effoetum</strong></span> 
     </span>
    </p>
   </div>
   <div class='ocr_carea' id='block_1_8' title="bbox 181 3240 843 3330">
    <p class='ocr_par' dir='ltr' id='par_1_10' title="bbox 181 3240 843 3330">
     <span class='ocr_line' id='line_1_24' title="bbox 181 3240 843 3330; baseline -0.008 -17"><span class='ocrx_word' id='word_1_131' title='bbox 181 3293 183 3298; x_wconf 89' lang='lat'>-</span> <span class='ocrx_word' id='word_1_132' title='bbox 303 3240 510 3312; x_wconf 88' lang='lat' dir='ltr'><strong>soindentem</strong></span> <span class='ocrx_word' id='word_1_133' title='bbox 536 3262 695 3310; x_wconf 83' lang='lat' dir='ltr'><strong>exeruere</strong></span> <span class='ocrx_word' id='word_1_134' title='bbox 720 3247 843 3330; x_wconf 89' lang='lat' dir='ltr'><strong>potest.</strong></span> 
     </span>
    </p>
   </div>
   <div class='ocr_carea' id='block_1_9' title="bbox 304 3352 1281 4234">
    <p class='ocr_par' dir='ltr' id='par_1_11' title="bbox 304 3352 1280 3986">
     <span class='ocr_line' id='line_1_25' title="bbox 352 3352 1280 3446; baseline 0 -20"><span class='ocrx_word' id='word_1_135' title='bbox 352 3353 538 3427; x_wconf 80' lang='lat' dir='ltr'><strong>Exsecutio</strong></span> <span class='ocrx_word' id='word_1_136' title='bbox 577 3352 808 3422; x_wconf 82' lang='lat' dir='ltr'><strong>decollationis</strong></span> <span class='ocrx_word' id='word_1_137' title='bbox 848 3354 961 3425; x_wconf 88' lang='lat' dir='ltr'><strong>seenri</strong></span> <span class='ocrx_word' id='word_1_138' title='bbox 992 3353 1146 3426; x_wconf 79' lang='lat' dir='ltr'><strong>lenienda</strong></span> <span class='ocrx_word' id='word_1_139' title='bbox 1176 3377 1280 3446; x_wconf 85' lang='lat' dir='ltr'><strong>supra</strong></span> 
     </span>
     <span class='ocr_line' id='line_1_26' title="bbox 305 3465 1278 3561; baseline 0 -23"><span class='ocrx_word' id='word_1_140' title='bbox 305 3467 455 3561; x_wconf 84' lang='lat' dir='ltr'><strong>tignmn,</strong></span> <span class='ocrx_word' id='word_1_141' title='bbox 495 3487 698 3557; x_wconf 88' lang='lat' dir='ltr'><strong>quamquam</strong></span> <span class='ocrx_word' id='word_1_142' title='bbox 734 3465 933 3535; x_wconf 92' lang='lat' dir='ltr'><strong>nullomodo</strong></span> <span class='ocrx_word' id='word_1_143' title='bbox 967 3476 1037 3536; x_wconf 85' lang='lat' dir='ltr'><strong>tam</strong></span> <span class='ocrx_word' id='word_1_144' title='bbox 1071 3477 1150 3558; x_wconf 89' lang='lat' dir='ltr'><strong>apta</strong></span> <span class='ocrx_word' id='word_1_145' title='bbox 1176 3488 1278 3560; x_wconf 82' lang='lat' dir='ltr'><strong>qnam</strong></span> 
     </span>
     <span class='ocr_line' id='line_1_27' title="bbox 308 3576 1275 3670; baseline -0.002 -20"><span class='ocrx_word' id='word_1_146' title='bbox 308 3582 506 3658; x_wconf 83' lang='lat' dir='ltr'><strong>Guillotion,</strong></span> <span class='ocrx_word' id='word_1_147' title='bbox 532 3587 644 3648; x_wconf 86' lang='lat' dir='ltr'><strong>tamen</strong></span> <span class='ocrx_word' id='word_1_148' title='bbox 668 3576 834 3670; x_wconf 87' lang='lat' dir='ltr'><strong>majorem</strong></span> <span class='ocrx_word' id='word_1_149' title='bbox 859 3578 1050 3648; x_wconf 83' lang='lat' dir='ltr'><strong>cautionem</strong></span> <span class='ocrx_word' id='word_1_150' title='bbox 1076 3580 1275 3654; x_wconf 74' lang='lat' dir='ltr'><strong>decollatio·-</strong></span> 
     </span>
     <span class='ocr_line' id='line_1_28' title="bbox 304 3687 1276 3783; baseline -0.006 -20"><span class='ocrx_word' id='word_1_151' title='bbox 304 3691 356 3764; x_wconf 84' lang='lat' dir='ltr'><strong>nis</strong></span> <span class='ocrx_word' id='word_1_152' title='bbox 399 3700 510 3758; x_wconf 80' lang='lat' dir='ltr'><strong>uentae</strong></span> <span class='ocrx_word' id='word_1_153' title='bbox 551 3687 744 3779; x_wconf 87' lang='lat' dir='ltr'><strong>praebebit,</strong></span> <span class='ocrx_word' id='word_1_154' title='bbox 787 3713 889 3783; x_wconf 88' lang='lat' dir='ltr'><strong>quam</strong></span> <span class='ocrx_word' id='word_1_155' title='bbox 926 3691 1126 3783; x_wconf 82' lang='lat' dir='ltr'><strong>deoapitatio</strong></span> <span class='ocrx_word' id='word_1_156' title='bbox 1162 3689 1276 3783; x_wconf 85' lang='lat' dir='ltr'><strong>gladio</strong></span> 
     </span>
     <span class='ocr_line' id='line_1_29' title="bbox 305 3801 1278 3897; baseline 0 -25"><span class='ocrx_word' id='word_1_157' title='bbox 305 3801 509 3897; x_wconf 84' lang='lat' dir='ltr'><strong>peragenda.</strong></span> <span class='ocrx_word' id='word_1_158' title='bbox 560 3802 759 3872; x_wconf 81' lang='lat' dir='ltr'><strong>lleoentiore</strong></span> <span class='ocrx_word' id='word_1_159' title='bbox 791 3813 945 3895; x_wconf 84' lang='lat' dir='ltr'><strong>tempore</strong></span> <span class='ocrx_word' id='word_1_160' title='bbox 971 3814 1082 3878; x_wconf 85' lang='lat' dir='ltr'><strong>tamen</strong></span> <span class='ocrx_word' id='word_1_161' title='bbox 1108 3804 1218 3875; x_wconf 91' lang='lat' dir='ltr'><strong>minus</strong></span> <span class='ocrx_word' id='word_1_162' title='bbox 1243 3801 1278 3872; x_wconf 92' lang='lat' dir='ltr'><strong>in</strong></span> 
     </span>
     <span class='ocr_line' id='line_1_30' title="bbox 306 3915 470 3986; baseline -0.026 0"><span class='ocrx_word' id='word_1_163' title='bbox 306 3939 373 3986; x_wconf 80' lang='lat' dir='ltr'><strong>usu</strong></span> <span class='ocrx_word' id='word_1_164' title='bbox 397 3915 470 3986; x_wconf 86' lang='lat' dir='ltr'><strong>suit.</strong></span> 
     </span>
    </p>

    <p class='ocr_par' dir='ltr' id='par_1_12' title="bbox 355 4026 1278 4120">
     <span class='ocr_line' id='line_1_31' title="bbox 355 4026 1278 4120; baseline -0.002 -22"><span class='ocrx_word' id='word_1_165' title='bbox 355 4027 455 4120; x_wconf 83' lang='lat' dir='ltr'><strong>Apud</strong></span> <span class='ocrx_word' id='word_1_166' title='bbox 488 4028 662 4099; x_wconf 79' lang='lat' dir='ltr'><strong>Roumnos</strong></span> <span class='ocrx_word' id='word_1_167' title='bbox 688 4026 783 4098; x_wconf 91' lang='lat' dir='ltr'><strong>initio</strong></span> <span class='ocrx_word' id='word_1_168' title='bbox 811 4029 978 4110; x_wconf 84' lang='lat' dir='ltr'><strong>securim,</strong></span> <span class='ocrx_word' id='word_1_169' title='bbox 1017 4037 1136 4120; x_wconf 89' lang='lat' dir='ltr'><strong>postea</strong></span> <span class='ocrx_word' id='word_1_170' title='bbox 1163 4049 1278 4098; x_wconf 84' lang='lat' dir='ltr'><strong>ensem</strong></span> 
     </span>
    </p>

    <p class='ocr_par' dir='ltr' id='par_1_13' title="bbox 305 4139 1281 4234">
     <span class='ocr_line' id='line_1_32' title="bbox 305 4139 1281 4234; baseline -0.004 -21.681"><span class='ocrx_word' id='word_1_171' title='bbox 305 4142 452 4214; x_wconf 81' lang='grc' dir='ltr'>ιιιιοιο</span> <span class='ocrx_word' id='word_1_172' title='bbox 489 4141 671 4214; x_wconf 85' lang='lat' dir='ltr'><strong>adhibitam</strong></span> <span class='ocrx_word' id='word_1_173' title='bbox 696 4139 869 4222; x_wconf 86' lang='lat' dir='ltr'><strong>videmus,</strong></span> <span class='ocrx_word' id='word_1_174' title='bbox 909 4151 993 4211; x_wconf 87' lang='lat' dir='ltr'><strong>teste</strong></span> <span class='ocrx_word' id='word_1_175' title='bbox 1018 4143 1180 4223; x_wconf 74' lang='lat' dir='ltr'><strong>Lucum,</strong></span> <span class='ocrx_word' id='word_1_176' title='bbox 1221 4140 1281 4234; x_wconf 90' lang='lat' dir='ltr'><strong>qui</strong></span> 
     </span>
    </p>
   </div>
   <div class='ocr_carea' id='block_1_10' title="bbox 1441 269 1451 588">
    <p class='ocr_par' dir='ltr' id='par_1_14' title="bbox 1441 269 1451 588">
     <span class='ocr_line' id='line_1_33' title="bbox 1441 269 1451 588; baseline -4 6"><span class='ocrx_word' id='word_1_177' title='bbox 1441 269 1451 588; x_wconf 89' lang='lat' dir='ltr'><strong>l</strong></span> 
     </span>
    </p>
   </div>
   <div class='ocr_carea' id='block_1_11' title="bbox 1439 603 1451 4235">
    <p class='ocr_par' dir='ltr' id='par_1_15' title="bbox 1439 603 1451 3978">
     <span class='ocr_line' id='line_1_34' title="bbox 1442 603 1451 870; baseline 0 -37"><span class='ocrx_word' id='word_1_178' title='bbox 1442 603 1451 870; x_wconf 79' lang='lat' dir='ltr'>J</span> 
     </span>
     <span class='ocr_line' id='line_1_35' title="bbox 1441 843 1451 1142; baseline 0 0"><span class='ocrx_word' id='word_1_179' title='bbox 1441 843 1451 1142; x_wconf 88' lang='lat' dir='ltr'><strong>l</strong></span> 
     </span>
     <span class='ocr_line' id='line_1_36' title="bbox 1441 1159 1451 1436; baseline 0 0"><span class='ocrx_word' id='word_1_180' title='bbox 1441 1159 1451 1436; x_wconf 86' lang='lat' dir='ltr'><strong>l</strong></span> 
     </span>
     <span class='ocr_line' id='line_1_37' title="bbox 1439 1442 1451 1724; baseline 0 0"><span class='ocrx_word' id='word_1_181' title='bbox 1439 1442 1451 1724; x_wconf 83' lang='lat' dir='ltr'><strong>l</strong></span> 
     </span>
     <span class='ocr_line' id='line_1_38' title="bbox 1444 1727 1451 1970; baseline 0 -8"><span class='ocrx_word' id='word_1_182' title='bbox 1444 1727 1451 1970; x_wconf 77' lang='grc' dir='ltr'><strong>ι</strong></span> 
     </span>
     <span class='ocr_line' id='line_1_39' title="bbox 1442 1967 1451 2270; baseline 0 0"><span class='ocrx_word' id='word_1_183' title='bbox 1442 1967 1451 2270; x_wconf 84' lang='lat' dir='ltr'><strong>l</strong></span> 
     </span>
     <span class='ocr_line' id='line_1_40' title="bbox 1443 2271 1451 2542; baseline 0 -8"><span class='ocrx_word' id='word_1_184' title='bbox 1443 2271 1451 2542; x_wconf 86' lang='lat' dir='ltr'><strong>l</strong></span> 
     </span>
     <span class='ocr_line' id='line_1_41' title="bbox 1440 3091 1451 3407; baseline 0 0"><span class='ocrx_word' id='word_1_185' title='bbox 1440 3091 1451 3407; x_wconf 85' lang='lat' dir='ltr'><strong>l</strong></span> 
     </span>
     <span class='ocr_line' id='line_1_42' title="bbox 1443 3434 1451 3692; baseline 0 0"><span class='ocrx_word' id='word_1_186' title='bbox 1443 3434 1451 3692; x_wconf 86' lang='lat' dir='ltr'><strong>l</strong></span> 
     </span>
     <span class='ocr_line' id='line_1_43' title="bbox 1441 3693 1451 4235; baseline 0 -257"><span class='ocrx_word' id='word_1_187' title='bbox 1441 3693 1451 4235; x_wconf 83' lang='lat' dir='ltr'><strong>t</strong></span> 
     </span>
    </p>
   </div>
   <div class='ocr_carea' id='block_1_12' title="bbox 0 0 1471 5024">
    <p class='ocr_par' dir='ltr' id='par_1_16' title="bbox 0 0 1471 5024">
     <span class='ocr_line' id='line_1_44' title="bbox 0 0 1471 5024; baseline 0 0"><span class='ocrx_word' id='word_1_188' title='bbox 0 0 1471 5024; x_wconf 95' lang='lat' dir='ltr'><strong> </strong></span> 
     </span>
    </p>
   </div>
  </div>
 </body>
</html>
