2926 5034
293 704 452 790 gumenta
485 716 566 766 vero
602 695 724 788 qmbus
750 694 836 766 hano
861 715 957 768 suam
984 695 1179 788 opinionem
1204 693 1264 764 iir-

294 819 405 892 mant,
436 817 514 878 sunt
539 808 736 900 sequentia:

341 922 382 996 Α.
434 922 667 1014 symptomata
709 929 849 992 externa
891 943 978 1015 quae
1019 920 1174 1013 suspensi
1208 942 1268 990 os·

293 1036 453 1117 tendunt,
498 1043 532 1104 et
570 1055 656 1126 quae
695 1053 796 1124 saepe
831 1057 909 1105 oum
948 1033 1051 1125 signis
1089 1033 1125 1104 in
1157 1042 1268 1104 morte

293 1148 502 1242 apoplectica
526 1145 732 1228 observatis,
766 1145 980 1216 conveniunt.
1029 1149 1081 1214 De
1097 1145 1149 1216 his
1166 1161 1268 1239 prae·

294 1260 410 1332 sertim
446 1259 513 1352 legi
545 1267 736 1340 merentur,
777 1259 820 1328 H.
846 1258 988 1328 hauan
1014 1257 1133 1328 deinde
1159 1258 1268 1330 citau-

295 1374 377 1457 dus,
421 1381 455 1442 et
486 1393 553 1444 vna
586 1393 654 1442 aaa
680 1370 804 1442 Oavna
828 1379 862 1440 et
888 1371 1045 1453 Sronna,
1086 1393 1165 1442 nam
1190 1369 1269 1442 des-

294 1485 415 1580 criptio
441 1493 598 1555 accurata
622 1505 686 1552 nos
711 1484 810 1552 nimis
836 1492 1038 1554 moraretur.

342 1600 381 1668 B.
429 1595 541 1666 Etiam
571 1592 793 1664 obductiones
819 1592 907 1664 hano
932 1595 1128 1686 opinionem
1154 1594 1289 1666 firma-'

293 1718 386 1792 rent,
419 1707 478 1778 obi
515 1706 715 1799 plerumque
749 1705 973 1778 accumulatio
1008 1705 1179 1799 sangoinis
1212 1707 1270 1777 in-

293 1822 426 1894 venitur
451 1817 508 1914 (1).

343 1937 381 2008 C.
430 1936 486 2006 Ex
520 1929 660 2004 diversis
695 1929 933 2022 experimentis
968 1939 1003 2002 et
1029 1929 1268 2023 descriptioni-

293 2048 358 2120 bus
383 2046 614 2118 sensationum
639 2065 778 2125 eorum,
820 2044 879 2137 qui
903 2053 984 2138 post
1010 2043 1269 2136 suspensionem

293 2160 328 2230 in
369 2159 474 2228 vitam
517 2155 663 2247 regressi
702 2163 799 2238 sunt,
840 2163 935 2248 patet
970 2165 1117 2228 mortem
1153 2157 1269 2251 potius

295 2269 514 2364 congestione
539 2267 706 2362 produci,
733 2277 767 2338 et
792 2269 1038 2364 apoplectioam
1062 2292 1138 2342 esse
1163 2269 1221 2366 (2).

294 2580 410 2634 mortis.
431 2573 615 2645 Wnaraaus,
634 2573 784 2632 Exercitat.
805 2579 839 2633 de
859 2579 920 2634 loco
940 2577 986 2634 aff.
1006 2581 1036 2633 in
1055 2580 1166 2653 epopt,
1195 2575 1269 2634 Gas-

299 2683 430 2723 srneraus
460 2675 567 2739 quaest.
587 2667 661 2722 med.
681 2687 709 2741 p.
732 2664 783 2737 15,
810 2665 980 2725 Bassianus
1006 2669 1069 2724 diss.
1089 2688 1138 2724 sur
1157 2665 1269 2724 l'incer-

295 2759 386 2814 titude
412 2759 461 2814 des
488 2759 576 2833 signes
605 2757 639 2813 de
670 2757 696 2813 ia
726 2770 821 2830 mort,
852 2776 907 2816 aas
926 2757 1144 2816 sarrensem.
1164 2755 1219 2816 III.
1240 2779 1268 2833 p.

294 2845 371 2917 273,
397 2845 556 2904 Roannaaa
574 2867 670 2922 opusc.
690 2851 765 2904 med.
785 2871 813 2922 p.
833 2847 909 2919 290,
948 2849 1067 2906 Hanuna
1086 2852 1166 2906 elem.
1187 2847 1268 2923 Phys.

295 2949 366 2992 tom.
396 2934 443 2992 III
472 2956 502 3008 p.
531 2933 608 3004 270,
633 2947 702 2992 torn.
733 2935 807 2993 VIII
836 2958 865 3010 p.
888 2934 961 3006 160,
989 2948 1059 2994 tom.
1090 2937 1117 2992 V
1145 2960 1174 3012 p.
1194 2936 1269 3006 63ος

295 3025 399 3094 Pam,
416 3024 529 3097 jour-nal
547 3027 581 3080 de
600 3026 737 3082 medicine
756 3035 826 3081 tom.
846 3023 979 3092 ΧΧΙΙΙΙς
998 3023 1030 3082 Ρ.
1049 3024 1084 3082 Α.
1106 3022 1139 3081 0.
1159 3024 1268 3082 Marsos

294 3115 394 3171 medic.
426 3114 505 3188 legal.
530 3123 598 3170 tom.
619 3112 684 3184 ΙΙΙ,
720 3113 751 3170 G.
771 3113 847 3171 Kana
867 3134 904 3171 an
924 3134 1000 3188 essay
1019 3116 1052 3170 of
1068 3115 1116 3172 the
1136 3135 1269 3190 recovery

297 3205 331 3262 os
345 3205 393 3260 the
413 3205 581 3279 apparently
601 3206 682 3261 dead.
703 3203 824 3262 London
846 3199 928 3260 1788.

334 3293 382 3371 (l)
412 3293 454 3351 cf.
474 3293 559 3370 Resp.
579 3297 653 3352 med.
673 3298 734 3352 und
754 3294 1006 3352 Sectionaherichte
1025 3314 1081 3351 von
1099 3293 1134 3352 1).
1151 3293 1268 3352 maana

296 3387 472 3456 Faaancans,
489 3385 571 3444 Helle
593 3384 684 3456 1772;
704 3385 949 3443 Basanonouaaus
969 3384 1040 3442 liist.
1054 3385 1143 3444 Δηοῖ.
1158 3385 1269 3444 Rarior.

297 3489 371 3536 cent.
392 3476 416 3534 Ι.
436 3478 500 3532 hist.
521 3474 568 3533 32.
589 3474 634 3533 53.
655 3489 684 3532 et
702 3474 836 3536 cenalV.
857 3477 923 3534 hist.
944 3475 981 3558 ti,
1006 3475 1136 3548 Lunai,
1155 3476 1270 3534 Bisada

297 3567 405 3625 l'Acad.
436 3567 541 3640 Royale
572 3568 619 3620 des
649 3564 776 3623 Sciences
797 3561 888 3634 1704,
927 3556 1099 3638 Lancesius,
1127 3569 1161 3623 de
1178 3579 1269 3622 morte

296 3659 360 3713 sub.
379 3658 488 3711 observ.
509 3653 561 3710 IV.
590 3651 624 3709 N.
644 3651 682 3724 8,
721 3653 849 3712 Nunnius
869 3655 1014 3714 Boaosma
1034 3659 1070 3714 cf.
1090 3653 1268 3713 Moaoaoaus

295 3749 329 3803 de
348 3749 406 3804 sed.
427 3757 456 3801 et
475 3763 551 3802 caua.
569 3744 662 3800 morb.
683 3741 721 3802 38
740 3758 795 3802 art.

331 3835 381 3912 (2)
401 3833 510 3892 Sicaut
538 3831 722 3892 Bossuavms
742 3847 850 3894 narrat.
874 3839 893 3892 l.
914 3838 933 3892 l.
972 3835 1053 3912 Quod
1079 3839 1162 3894 facies
1187 3838 1269 3891 simul

295 3948 328 3986 ac
356 3929 472 4001 laqueus
500 3927 702 4000 constringitur
730 3947 789 3982 uno
808 3938 952 3984 momento
975 3947 1119 4003 purpurea
1138 3926 1268 3982 caerulea

264 4033 266 4038 ’
294 4020 347 4091 fit,
383 4030 412 4074 et
444 4037 509 4074 mcx
537 4037 645 4074 sumana
675 4018 722 4072 lux
750 4018 867 4093 sulpuris
894 4020 1003 4087 instar,
1042 4021 1106 4074 dein
1136 4017 1269 4072 tenebrae

296 4111 435 4186 suspensis
463 4119 611 4184 apparent.
656 4105 693 4163 Et
712 4107 789 4165 Baco
817 4111 835 4165 l.
857 4110 874 4164 l.
915 4105 1002 4166 Nullo
1031 4110 1127 4166 dolore
1154 4127 1270 4183 passus,
1340 4097 1341 4100 ¹

295 4204 342 4261 sed
358 4198 487 4260 'flammas
508 4211 572 4258 ante
593 4199 689 4256 oculos
706 4201 818 4258 videbat
840 4203 869 4258 in
891 4202 1022 4258 tenebras
1043 4209 1204 4270 mutantes,
1223 4201 1271 4256 de-
