2926 5034
657 519 678 584 3

181 703 241 780 tis;
280 702 440 781 alterum,
479 701 584 793 magis
624 709 850 792 econspectu
877 699 1060 781 materiali,
1094 699 1153 768 nbi

180 815 397 884 commodum
430 814 601 884 materiale
626 814 845 906 praecipuum
871 813 985 882 locum
1012 813 1153 882 ohtinet.

179 928 265 998 lllud
298 938 426 1020 spectat
455 939 493 998 ut
514 929 570 1022 jus
596 927 827 1019 persolvatur,
863 935 895 994 et
920 925 1080 1017 requirit,
1115 936 1154 995 ut

179 1042 334 1132 aequitas
372 1064 473 1112 omne
505 1043 630 1112 lactum
652 1040 745 1133 justa
771 1061 931 1108 mensura
955 1061 1153 1110 remunera-

179 1152 280 1222 tionis
324 1164 383 1223 aut
414 1177 545 1245 poenae
579 1154 742 1224 aestimet.
800 1153 876 1220 Hoc
909 1151 1015 1242 magis
1051 1152 1152 1221 allec-

180 1275 230 1336 tat
271 1267 488 1337 commodum
526 1267 689 1338 directum
730 1263 901 1334 materiale
939 1264 1032 1354 quod
1066 1287 1153 1357 poe·

180 1401 226 1450 na
268 1378 457 1462 obtinetur,
503 1379 610 1470 magis
652 1377 685 1448 in
725 1399 838 1470 poena
871 1397 1012 1468 scopum
1046 1401 1153 1470 quac-

181 1492 226 1560 rit
251 1501 289 1562 ut
314 1492 457 1586 quisque
481 1493 615 1562 illaesus
641 1500 676 1563 et
702 1489 834 1584 quietus
861 1488 894 1558 in
922 1489 1082 1560 societate
1099 1491 1153 1561 vi-

180 1627 260 1675 vere
284 1604 403 1696 possit.

229 1716 445 1808 Quamquam
492 1715 555 1788 hae
587 1717 735 1788 rationes
769 1717 804 1788 in
837 1715 969 1787 theoria
1005 1717 1151 1788 maxime

178 1829 266 1899 inter
291 1851 328 1898 se
346 1829 520 1911 differunt,
547 1831 710 1900 tamenin
728 1853 793 1900 usu
811 1830 964 1921 saepiuS‚
990 1829 1059 1898 imo
1077 1829 1151 1922 ple-

177 1965 322 2034 rumque
346 1941 490 2012 invicem
515 1943 852 2035 appropinquabunt,
887 1941 1048 2033 quoniam
1064 1963 1151 2032 poe·

178 2077 242 2126 nae
279 2054 458 2126 rationales
496 2079 575 2126 cum
611 2056 781 2148 requisitis
817 2053 994 2124 amborum
1027 2051 1151 2124 horum

179 2176 399 2260 systematum
425 2169 644 2250 conveniant,
670 2190 809 2238 necesse
835 2177 896 2236 est.
922 2211 972 2222 -
1023 2167 1153 2238 Tamen
1234 2197 1238 2206 ·

178 2280 252 2350 fieri
276 2279 402 2371 poterit
425 2301 681 2370 nonnumquam
705 2289 744 2350 ut
769 2279 955 2350 differentia
978 2279 1149 2362 theoriae,

178 2393 279 2464 etiam
305 2390 524 2462 dderentiam
549 2391 583 2460 in
609 2391 832 2486 applicatione
857 2414 988 2484 poenae
1014 2393 1150 2472 efficiat;

178 2527 211 2575 v.
238 2531 266 2575 o.
317 2505 432 2575 Poena
458 2503 637 2574 satisfaciet
663 2505 712 2585 ei,
740 2505 896 2598 quirem
922 2527 940 2572 e
966 2514 1149 2597 conspectu

178 2617 342 2710 spirituali
367 2618 580 2698 considerat,
608 2618 744 2709 quando
770 2617 895 2688 malum
911 2617 1073 2688 indictum
1091 2643 1150 2690 ae-

178 2731 377 2824 quiparatur
396 2729 490 2822 justa
513 2752 672 2799 mensura
700 2729 877 2820 aequitatis
905 2729 1026 2800 delicto
1054 2755 1149 2802 oom-

177 2843 307 2923 misso,
333 2849 367 2910 et
393 2841 528 2932 quando
555 2841 706 2911 malefico
732 2864 845 2933 poena
868 2841 973 2910 modo
998 2843 1148 2934 legitimo

177 2955 349 3047 infligitur.
417 2953 485 3035 Qui
518 2976 590 3024 rem
624 2964 736 3025 autem
769 2954 876 3045 magis
912 2977 930 3023 c
964 2967 1149 3048 conspectu

176 3067 339 3140 materiali
373 3067 581 3146 considerat,
616 3075 744 3158 spectat
777 3076 815 3136 ut
840 3089 951 3158 poena
977 3069 1047 3138 sive
1073 3094 1147 3141 ma-

177 3181 266 3261 lum,
299 3179 411 3270 ipsum
443 3178 551 3270 magis
581 3178 705 3248 directe
731 3179 909 3250 certiorem
935 3181 1071 3264 reddat,
1106 3207 1149 3254 ne

178 3293 232 3364 alii
254 3301 374 3384 postea
398 3302 547 3383 peccent.

225 3406 385 3474 Fortasse
431 3402 608 3495 conjuncta
648 3401 731 3472 haec
768 3403 949 3495 principia,
982 3407 1017 3476 in
1050 3410 1148 3500 praxi

177 3517 267 3588 mam
291 3525 419 3585 rectam
442 3515 586 3588 mediam
611 3514 709 3584 nohis
736 3516 900 3586 ostendet.

225 3628 516 3721 contemplatione
557 3627 591 3698 in
634 3627 822 3711 abstracto,
865 3653 998 3724 semper
1034 3656 1088 3703 res
1127 3658 1146 3705 e

175 3753 337 3814 contextu
362 3741 505 3812 naturali
530 3739 725 3822 trahuntur,
761 3751 794 3812 et
820 3765 953 3836 semper
977 3767 1045 3816 una
1069 3755 1146 3817 tan·

175 3866 247 3926 tum
279 3863 375 3948 parte
409 3853 585 3924 conveniet
618 3875 725 3945 scopo
759 3857 939 3948 proposito
969 3859 1144 3952 magisque

173 3969 334 4061 practico.
384 3965 582 4058 Philosophi
612 3965 787 4036 theoretici
813 3968 911 4038 nimis
938 3991 1039 4062 saepe
1065 3996 1144 4064 spe-

176 4081 302 4152 cialiter
335 4090 457 4174 agnnt,
491 4089 525 4149 et
557 4077 643 4148 hanc
677 4078 722 4148 ob
756 4080 921 4152 rationem
945 4083 1144 4177 plerumque

177 4195 273 4264 nimis
298 4197 332 4265 in
358 4195 526 4290 abstracto
553 4216 623 4262 rem
649 4192 859 4282 propositam
885 4195 1107 4266 considerant.
