<?xml version="1.0" encoding="UTF-8"?>
<!DOCTYPE html PUBLIC "-//W3C//DTD XHTML 1.0 Transitional//EN"
    "http://www.w3.org/TR/xhtml1/DTD/xhtml1-transitional.dtd">
<html xmlns="http://www.w3.org/1999/xhtml" xml:lang="en" lang="en">
 <head>
  <title>
</title>
<meta http-equiv="Content-Type" content="text/html;charset=utf-8" />
  <meta name='ocr-system' content='tesseract 3.04.00' />
  <meta name='ocr-capabilities' content='ocr_page ocr_carea ocr_par ocr_line ocrx_word'/>
</head>
<body>
  <div class='ocr_page' id='page_1' title='image "./depoenis00noltgoog_0113.png"; bbox 0 0 2922 5024; ppageno 0'>
   <div class='ocr_carea' id='block_1_1' title="bbox 306 1319 1073 1556">
    <p class='ocr_par' dir='ltr' id='par_1_1' title="bbox 306 1319 1073 1556">
     <span class='ocr_line' id='line_1_1' title="bbox 306 1319 1073 1401; baseline 0 -1"><span class='ocrx_word' id='word_1_1' title='bbox 306 1324 531 1401; x_wconf 75' lang='lat' dir='ltr'><strong>rom</strong></span> <span class='ocrx_word' id='word_1_2' title='bbox 570 1319 1073 1400; x_wconf 68' lang='lat' dir='ltr'><strong>mummolum</strong></span> 
     </span>
     <span class='ocr_line' id='line_1_2' title="bbox 466 1477 913 1556; baseline -0.011 -1"><span class='ocrx_word' id='word_1_3' title='bbox 466 1477 913 1556; x_wconf 68' lang='lat' dir='ltr'><strong>muamus.</strong></span> 
     </span>
    </p>
   </div>
   <div class='ocr_carea' id='block_1_2' title="bbox 519 1803 857 1854">
    <p class='ocr_par' dir='ltr' id='par_1_2' title="bbox 519 1803 857 1854">
     <span class='ocr_line' id='line_1_3' title="bbox 519 1803 857 1854; baseline -0.003 -11"><span class='ocrx_word' id='word_1_4' title='bbox 519 1803 857 1854; x_wconf 54' lang='grc' dir='ltr'>ψ</span> 
     </span>
    </p>
   </div>
   <div class='ocr_carea' id='block_1_3' title="bbox 201 2171 1210 4220">
    <p class='ocr_par' dir='ltr' id='par_1_3' title="bbox 203 2171 1210 2762">
     <span class='ocr_line' id='line_1_4' title="bbox 258 2171 1210 2304; baseline 0.006 -26"><span class='ocrx_word' id='word_1_5' title='bbox 258 2171 361 2281; x_wconf 78' lang='lat' dir='ltr'><strong>llaec</strong></span> <span class='ocrx_word' id='word_1_6' title='bbox 397 2233 509 2303; x_wconf 84' lang='lat' dir='ltr'><strong>poena</strong></span> <span class='ocrx_word' id='word_1_7' title='bbox 541 2221 640 2283; x_wconf 86' lang='lat' dir='ltr'><strong>autea</strong></span> <span class='ocrx_word' id='word_1_8' title='bbox 671 2214 794 2286; x_wconf 88' lang='lat' dir='ltr'><strong>usitata</strong></span> <span class='ocrx_word' id='word_1_9' title='bbox 826 2223 944 2284; x_wconf 88' lang='lat' dir='ltr'><strong>nostra</strong></span> <span class='ocrx_word' id='word_1_10' title='bbox 975 2211 1010 2282; x_wconf 89' lang='lat' dir='ltr'><strong>in</strong></span> <span class='ocrx_word' id='word_1_11' title='bbox 1043 2208 1175 2304; x_wconf 86' lang='lat' dir='ltr'><strong>patria,</strong></span> <span class='ocrx_word' id='word_1_12' title='bbox 1208 2280 1210 2284; x_wconf 85' lang='lat'>.</span> 
     </span>
     <span class='ocr_line' id='line_1_5' title="bbox 205 2323 1175 2416; baseline 0 -22"><span class='ocrx_word' id='word_1_13' title='bbox 205 2324 346 2395; x_wconf 83' lang='lat' dir='ltr'><strong>durante</strong></span> <span class='ocrx_word' id='word_1_14' title='bbox 370 2323 590 2416; x_wconf 83' lang='lat' dir='ltr'><strong>usurpatione</strong></span> <span class='ocrx_word' id='word_1_15' title='bbox 617 2323 789 2394; x_wconf 80' lang='lat' dir='ltr'><strong>Gallorum</strong></span> <span class='ocrx_word' id='word_1_16' title='bbox 816 2325 940 2396; x_wconf 90' lang='lat' dir='ltr'><strong>abolita</strong></span> <span class='ocrx_word' id='word_1_17' title='bbox 963 2326 1044 2407; x_wconf 91' lang='lat' dir='ltr'><strong>fuit,</strong></span> <span class='ocrx_word' id='word_1_18' title='bbox 1074 2324 1175 2394; x_wconf 87' lang='lat' dir='ltr'><strong>resti·</strong></span> 
     </span>
     <span class='ocr_line' id='line_1_6' title="bbox 203 2437 1174 2519; baseline -0.002 -13"><span class='ocrx_word' id='word_1_19' title='bbox 203 2445 276 2509; x_wconf 90' lang='lat' dir='ltr'><strong>tuta</strong></span> <span class='ocrx_word' id='word_1_20' title='bbox 301 2447 413 2508; x_wconf 87' lang='lat' dir='ltr'><strong>tamen</strong></span> <span class='ocrx_word' id='word_1_21' title='bbox 437 2439 583 2506; x_wconf 87' lang='lat' dir='ltr'><strong>Decrcto</strong></span> <span class='ocrx_word' id='word_1_22' title='bbox 614 2438 653 2506; x_wconf 89' lang='lat'><strong>11</strong></span> <span class='ocrx_word' id='word_1_23' title='bbox 682 2439 764 2507; x_wconf 86' lang='lat' dir='ltr'><strong>Dec.</strong></span> <span class='ocrx_word' id='word_1_24' title='bbox 794 2438 908 2519; x_wconf 88' lang='lat'><strong>1813,</strong></span> <span class='ocrx_word' id='word_1_25' title='bbox 933 2437 1022 2507; x_wconf 87' lang='lat' dir='ltr'><strong>uude</strong></span> <span class='ocrx_word' id='word_1_26' title='bbox 1046 2439 1174 2506; x_wconf 86' lang='lat' dir='ltr'><strong>Decre-</strong></span> 
     </span>
     <span class='ocr_line' id='line_1_7' title="bbox 203 2548 1173 2640; baseline -0.002 -20"><span class='ocrx_word' id='word_1_27' title='bbox 203 2560 276 2622; x_wconf 88' lang='lat' dir='ltr'><strong>tum</strong></span> <span class='ocrx_word' id='word_1_28' title='bbox 307 2550 464 2622; x_wconf 78' lang='lat' dir='ltr'><strong>amudtis</strong></span> <span class='ocrx_word' id='word_1_29' title='bbox 491 2548 768 2640; x_wconf 84' lang='lat' dir='ltr'><strong>cognominatum</strong></span> <span class='ocrx_word' id='word_1_30' title='bbox 794 2551 876 2632; x_wconf 87' lang='lat' dir='ltr'><strong>fuit,</strong></span> <span class='ocrx_word' id='word_1_31' title='bbox 918 2550 1173 2629; x_wconf 66' lang='lat' dir='ltr'><strong>decedendo,</strong></span> 
     </span>
     <span class='ocr_line' id='line_1_8' title="bbox 204 2662 752 2762; baseline -0.009 -27"><span class='ocrx_word' id='word_1_32' title='bbox 204 2665 275 2735; x_wconf 89' lang='lat' dir='ltr'><strong>sive</strong></span> <span class='ocrx_word' id='word_1_33' title='bbox 299 2664 481 2734; x_wconf 80' lang='lat' dir='ltr'><strong>Notioooal</strong></span> <span class='ocrx_word' id='word_1_34' title='bbox 507 2662 752 2762; x_wconf 78' lang='lat' dir='ltr'><strong>Geessclbesloit.</strong></span> 
     </span>
    </p>

    <p class='ocr_par' dir='ltr' id='par_1_4' title="bbox 201 2773 1175 4109">
     <span class='ocr_line' id='line_1_9' title="bbox 252 2773 1172 2867; baseline 0 -23"><span class='ocrx_word' id='word_1_35' title='bbox 252 2776 328 2844; x_wconf 88' lang='lat' dir='ltr'><strong>Jam</strong></span> <span class='ocrx_word' id='word_1_36' title='bbox 352 2774 436 2843; x_wconf 88' lang='lat' dir='ltr'><strong>haec</strong></span> <span class='ocrx_word' id='word_1_37' title='bbox 459 2795 572 2864; x_wconf 88' lang='lat' dir='ltr'><strong>poena</strong></span> <span class='ocrx_word' id='word_1_38' title='bbox 597 2773 687 2864; x_wconf 88' lang='lat' dir='ltr'><strong>apud</strong></span> <span class='ocrx_word' id='word_1_39' title='bbox 711 2776 884 2844; x_wconf 87' lang='lat' dir='ltr'><strong>Romanos</strong></span> <span class='ocrx_word' id='word_1_40' title='bbox 909 2773 1095 2856; x_wconf 87' lang='lat' dir='ltr'><strong>iuvenitur,</strong></span> <span class='ocrx_word' id='word_1_41' title='bbox 1125 2777 1172 2867; x_wconf 71' lang='lat' dir='ltr'><strong>Cf.</strong></span> 
     </span>
     <span class='ocr_line' id='line_1_10' title="bbox 203 2884 1175 2981; baseline -0.003 -23"><span class='ocrx_word' id='word_1_42' title='bbox 203 2889 248 2958; x_wconf 86' lang='lat' dir='ltr'><strong>D.</strong></span> <span class='ocrx_word' id='word_1_43' title='bbox 281 2887 327 2956; x_wconf 75' lang='lat' dir='ltr'><strong>ts</strong></span> <span class='ocrx_word' id='word_1_44' title='bbox 362 2887 406 2955; x_wconf 81' lang='lat' dir='ltr'><strong>tit.</strong></span> <span class='ocrx_word' id='word_1_45' title='bbox 442 2886 527 2954; x_wconf 87' lang='lat' dir='ltr'><strong>XIX</strong></span> <span class='ocrx_word' id='word_1_46' title='bbox 557 2887 577 2954; x_wconf 89' lang='lat' dir='ltr'><strong>l.</strong></span> <span class='ocrx_word' id='word_1_47' title='bbox 613 2884 636 2954; x_wconf 89' lang='lat'><strong>7</strong></span> <span class='ocrx_word' id='word_1_48' title='bbox 671 2888 709 2955; x_wconf 81' lang='lat' dir='ltr'><strong>dc</strong></span> <span class='ocrx_word' id='word_1_49' title='bbox 737 2888 875 2977; x_wconf 64' lang='lat' dir='ltr'><strong>poeno:</strong></span> <span class='ocrx_word' id='word_1_50' title='bbox 924 2940 946 2981; x_wconf 60' lang='lat'><strong>7,</strong></span> <span class='ocrx_word' id='word_1_51' title='bbox 964 2887 1076 2958; x_wconf 89' lang='lat' dir='ltr'><strong>Veluti</strong></span> <span class='ocrx_word' id='word_1_52' title='bbox 1101 2887 1175 2956; x_wconf 85' lang='lat' dir='ltr'><strong>sus-</strong></span> 
     </span>
     <span class='ocr_line' id='line_1_11' title="bbox 204 2998 1172 3094; baseline -0.002 -23"><span class='ocrx_word' id='word_1_53' title='bbox 204 3053 227 3094; x_wconf 86' lang='lat'><strong>„</strong></span> <span class='ocrx_word' id='word_1_54' title='bbox 245 3000 329 3071; x_wconf 91' lang='lat' dir='ltr'><strong>tium</strong></span> <span class='ocrx_word' id='word_1_55' title='bbox 353 2998 557 3080; x_wconf 86' lang='lat' dir='ltr'><strong>admonitio,</strong></span> <span class='ocrx_word' id='word_1_56' title='bbox 596 2999 805 3091; x_wconf 82' lang='lat' dir='ltr'><strong>flagellorum</strong></span> <span class='ocrx_word' id='word_1_57' title='bbox 831 3001 1025 3093; x_wconf 83' lang='lat' dir='ltr'><strong>castigatio,</strong></span> <span class='ocrx_word' id='word_1_58' title='bbox 1051 2999 1172 3070; x_wconf 89' lang='lat' dir='ltr'><strong>viucu-</strong></span> 
     </span>
     <span class='ocr_line' id='line_1_12' title="bbox 205 3111 1175 3206; baseline 0.003 -23"><span class='ocrx_word' id='word_1_59' title='bbox 205 3166 227 3206; x_wconf 85' lang='lat'>„</span> <span class='ocrx_word' id='word_1_60' title='bbox 243 3114 355 3184; x_wconf 88' lang='lat' dir='ltr'><strong>lorum</strong></span> <span class='ocrx_word' id='word_1_61' title='bbox 392 3111 611 3182; x_wconf 86' lang='lat' dir='ltr'><strong>verberatio.”</strong></span> <span class='ocrx_word' id='word_1_62' title='bbox 638 3155 688 3168; x_wconf 87' lang='lat'><em>-</em></span> <span class='ocrx_word' id='word_1_63' title='bbox 736 3113 836 3204; x_wconf 84' lang='lat' dir='ltr'><strong>Apud</strong></span> <span class='ocrx_word' id='word_1_64' title='bbox 863 3115 1049 3184; x_wconf 83' lang='lat' dir='ltr'><strong>Germanos</strong></span> <span class='ocrx_word' id='word_1_65' title='bbox 1075 3122 1175 3186; x_wconf 86' lang='lat' dir='ltr'><strong>autea</strong></span> 
     </span>
     <span class='ocr_line' id='line_1_13' title="bbox 205 3224 1173 3319; baseline -0.005 -21"><span class='ocrx_word' id='word_1_66' title='bbox 205 3230 359 3319; x_wconf 72' lang='lat' dir='ltr'><strong>simplex,</strong></span> <span class='ocrx_word' id='word_1_67' title='bbox 397 3235 455 3294; x_wconf 89' lang='lat' dir='ltr'><strong>aut</strong></span> <span class='ocrx_word' id='word_1_68' title='bbox 488 3227 675 3319; x_wconf 75' lang='lat' dir='ltr'><strong>qualificato</strong></span> <span class='ocrx_word' id='word_1_69' title='bbox 700 3233 790 3305; x_wconf 89' lang='lat' dir='ltr'><strong>erat,</strong></span> <span class='ocrx_word' id='word_1_70' title='bbox 827 3224 850 3293; x_wconf 90' lang='lat' dir='ltr'><strong>i.</strong></span> <span class='ocrx_word' id='word_1_71' title='bbox 877 3249 907 3294; x_wconf 86' lang='lat' dir='ltr'><strong>e.</strong></span> <span class='ocrx_word' id='word_1_72' title='bbox 933 3227 960 3294; x_wconf 90' lang='lat' dir='ltr'><strong>si</strong></span> <span class='ocrx_word' id='word_1_73' title='bbox 988 3226 1173 3295; x_wconf 82' lang='lat' dir='ltr'><strong>decalvatio</strong></span> 
     </span>
     <span class='ocr_line' id='line_1_14' title="bbox 206 3336 1173 3430; baseline -0.005 -20"><span class='ocrx_word' id='word_1_74' title='bbox 206 3339 407 3418; x_wconf 83' lang='lat' dir='ltr'><strong>accedebat,</strong></span> <span class='ocrx_word' id='word_1_75' title='bbox 444 3361 531 3430; x_wconf 85' lang='lat' dir='ltr'><strong>quae</strong></span> <span class='ocrx_word' id='word_1_76' title='bbox 565 3336 762 3406; x_wconf 86' lang='lat' dir='ltr'><strong>censebatur</strong></span> <span class='ocrx_word' id='word_1_77' title='bbox 794 3337 1075 3407; x_wconf 87' lang='lat' dir='ltr'><strong>existimationem</strong></span> <span class='ocrx_word' id='word_1_78' title='bbox 1099 3337 1173 3405; x_wconf 88' lang='lat' dir='ltr'><strong>lae-</strong></span> 
     </span>
     <span class='ocr_line' id='line_1_15' title="bbox 206 3450 1173 3544; baseline -0.003 -23"><span class='ocrx_word' id='word_1_79' title='bbox 206 3452 295 3521; x_wconf 88' lang='lat' dir='ltr'><strong>dere.</strong></span> <span class='ocrx_word' id='word_1_80' title='bbox 349 3451 395 3542; x_wconf 83' lang='lat' dir='ltr'><strong>Cs.</strong></span> <span class='ocrx_word' id='word_1_81' title='bbox 412 3451 616 3520; x_wconf 86' lang='lat' dir='ltr'><strong>Humuccrus</strong></span> <span class='ocrx_word' id='word_1_82' title='bbox 642 3453 674 3520; x_wconf 85' lang='grc' dir='ltr'><strong>Ι.</strong></span> <span class='ocrx_word' id='word_1_83' title='bbox 703 3452 743 3521; x_wconf 89' lang='lat' dir='ltr'><strong>G.</strong></span> <span class='ocrx_word' id='word_1_84' title='bbox 769 3452 807 3520; x_wconf 87' lang='lat' dir='ltr'><strong>L.</strong></span> <span class='ocrx_word' id='word_1_85' title='bbox 833 3453 868 3520; x_wconf 79' lang='lat' dir='ltr'><strong>ll</strong></span> <span class='ocrx_word' id='word_1_86' title='bbox 895 3450 1173 3544; x_wconf 72' lang='lat' dir='ltr'><strong>§coctum</strong></span> 
     </span>
     <span class='ocr_line' id='line_1_16' title="bbox 205 3561 1172 3658; baseline -0.003 -25"><span class='ocrx_word' id='word_1_87' title='bbox 205 3565 243 3633; x_wconf 89' lang='lat' dir='ltr'><strong>In</strong></span> <span class='ocrx_word' id='word_1_88' title='bbox 277 3562 392 3632; x_wconf 85' lang='lat' dir='ltr'><strong>Coust.</strong></span> <span class='ocrx_word' id='word_1_89' title='bbox 428 3563 503 3632; x_wconf 89' lang='lat' dir='ltr'><strong>Car.</strong></span> <span class='ocrx_word' id='word_1_90' title='bbox 538 3563 674 3633; x_wconf 85' lang='lat' dir='ltr'><strong>Crimin.</strong></span> <span class='ocrx_word' id='word_1_91' title='bbox 708 3563 872 3655; x_wconf 80' lang='lat' dir='ltr'><strong>legimus:</strong></span> <span class='ocrx_word' id='word_1_92' title='bbox 923 3619 945 3658; x_wconf 83' lang='lat'>„</span> <span class='ocrx_word' id='word_1_93' title='bbox 963 3563 1024 3634; x_wconf 88' lang='lat' dir='ltr'><strong>Mit</strong></span> <span class='ocrx_word' id='word_1_94' title='bbox 1050 3561 1172 3632; x_wconf 91' lang='lat' dir='ltr'><strong>ruthen</strong></span> 
     </span>
     <span class='ocr_line' id='line_1_17' title="bbox 206 3674 1172 3770; baseline -0.003 -23"><span class='ocrx_word' id='word_1_95' title='bbox 206 3727 228 3768; x_wconf 83' lang='lat'>„</span> <span class='ocrx_word' id='word_1_96' title='bbox 247 3676 457 3747; x_wconf 85' lang='lat' dir='ltr'><strong>ausshawen.</strong></span> <span class='ocrx_word' id='word_1_97' title='bbox 521 3675 696 3746; x_wconf 84' lang='lat' dir='ltr'><strong>Offentlich</strong></span> <span class='ocrx_word' id='word_1_98' title='bbox 738 3676 796 3745; x_wconf 87' lang='lat' dir='ltr'><strong>inu</strong></span> <span class='ocrx_word' id='word_1_99' title='bbox 839 3678 987 3769; x_wconf 83' lang='lat' dir='ltr'><strong>Prauger</strong></span> <span class='ocrx_word' id='word_1_100' title='bbox 1029 3674 1172 3770; x_wconf 83' lang='lat' dir='ltr'><strong>gcstclt,</strong></span> 
     </span>
     <span class='ocr_line' id='line_1_18' title="bbox 201 3787 1172 3886; baseline -0.002 -27"><span class='ocrx_word' id='word_1_101' title='bbox 201 3844 224 3886; x_wconf 84' lang='lat'>„</span> <span class='ocrx_word' id='word_1_102' title='bbox 241 3788 311 3859; x_wconf 89' lang='lat' dir='ltr'><strong>und</strong></span> <span class='ocrx_word' id='word_1_103' title='bbox 348 3787 475 3858; x_wconf 82' lang='lat' dir='ltr'><strong>liirhter</strong></span> <span class='ocrx_word' id='word_1_104' title='bbox 511 3789 572 3859; x_wconf 92' lang='lat' dir='ltr'><strong>mit</strong></span> <span class='ocrx_word' id='word_1_105' title='bbox 608 3789 729 3858; x_wconf 87' lang='lat' dir='ltr'><strong>ruthen</strong></span> <span class='ocrx_word' id='word_1_106' title='bbox 773 3789 1033 3881; x_wconf 80' lang='lat' dir='ltr'><strong>aussgchaweu,</strong></span> <span class='ocrx_word' id='word_1_107' title='bbox 1085 3789 1172 3861; x_wconf 89' lang='lat' dir='ltr'><strong>auch</strong></span> 
     </span>
     <span class='ocr_line' id='line_1_19' title="bbox 204 3901 1173 3997; baseline 0 -25"><span class='ocrx_word' id='word_1_108' title='bbox 204 3953 227 3994; x_wconf 84' lang='lat'><strong>,‚</strong></span> <span class='ocrx_word' id='word_1_109' title='bbox 245 3903 321 3972; x_wconf 89' lang='lat' dir='ltr'><strong>dess</strong></span> <span class='ocrx_word' id='word_1_110' title='bbox 355 3901 481 3972; x_wconf 86' lang='lat' dir='ltr'><strong>Landts</strong></span> <span class='ocrx_word' id='word_1_111' title='bbox 517 3901 587 3970; x_wconf 92' lang='lat' dir='ltr'><strong>hiss</strong></span> <span class='ocrx_word' id='word_1_112' title='bbox 625 3901 698 3972; x_wconf 65' lang='lat' dir='ltr'><strong>aud*</strong></span> <span class='ocrx_word' id='word_1_113' title='bbox 724 3901 869 3970; x_wconf 86' lang='lat' dir='ltr'><strong>kurtlich</strong></span> <span class='ocrx_word' id='word_1_114' title='bbox 903 3903 1087 3997; x_wconf 85' lang='lat' dir='ltr'><strong>erlaubung</strong></span> <span class='ocrx_word' id='word_1_115' title='bbox 1113 3903 1173 3973; x_wconf 86' lang='lat' dir='ltr'><strong>der</strong></span> 
     </span>
     <span class='ocr_line' id='line_1_20' title="bbox 204 4013 911 4109; baseline -0.004 -23"><span class='ocrx_word' id='word_1_116' title='bbox 204 4069 226 4109; x_wconf 88' lang='lat'>„</span> <span class='ocrx_word' id='word_1_117' title='bbox 244 4015 432 4087; x_wconf 90' lang='lat' dir='ltr'><strong>oherhaudt</strong></span> <span class='ocrx_word' id='word_1_118' title='bbox 456 4015 632 4086; x_wconf 85' lang='lat' dir='ltr'><strong>verweisst</strong></span> <span class='ocrx_word' id='word_1_119' title='bbox 656 4013 792 4084; x_wconf 87' lang='lat' dir='ltr'><strong>werden</strong></span> <span class='ocrx_word' id='word_1_120' title='bbox 818 4013 911 4083; x_wconf 89' lang='lat' dir='ltr'><strong>soll.”</strong></span> 
     </span>
    </p>

    <p class='ocr_par' dir='ltr' id='par_1_5' title="bbox 253 4126 1174 4220">
     <span class='ocr_line' id='line_1_21' title="bbox 253 4126 1174 4220; baseline -0.005 -18"><span class='ocrx_word' id='word_1_121' title='bbox 253 4130 368 4213; x_wconf 86' lang='lat' dir='ltr'><strong>Quum</strong></span> <span class='ocrx_word' id='word_1_122' title='bbox 400 4127 601 4202; x_wconf 90' lang='lat' dir='ltr'><strong>attendimus</strong></span> <span class='ocrx_word' id='word_1_123' title='bbox 626 4126 714 4198; x_wconf 88' lang='lat' dir='ltr'><strong>hano</strong></span> <span class='ocrx_word' id='word_1_124' title='bbox 738 4149 884 4219; x_wconf 88' lang='lat' dir='ltr'><strong>poenam</strong></span> <span class='ocrx_word' id='word_1_125' title='bbox 908 4128 942 4198; x_wconf 91' lang='lat' dir='ltr'><strong>iu</strong></span> <span class='ocrx_word' id='word_1_126' title='bbox 967 4129 1086 4220; x_wconf 83' lang='lat' dir='ltr'><strong>Anglia</strong></span> <span class='ocrx_word' id='word_1_127' title='bbox 1111 4149 1174 4218; x_wconf 88' lang='lat' dir='ltr'><strong>pa-</strong></span> 
     </span>
    </p>
   </div>
   <div class='ocr_carea' id='block_1_4' title="bbox 0 0 1466 5024">
    <p class='ocr_par' dir='ltr' id='par_1_6' title="bbox 0 0 1466 5024">
     <span class='ocr_line' id='line_1_22' title="bbox 0 0 1466 5024; baseline 0 0"><span class='ocrx_word' id='word_1_128' title='bbox 0 0 1466 5024; x_wconf 95' lang='lat' dir='ltr'><strong> </strong></span> 
     </span>
    </p>
   </div>
  </div>
 </body>
</html>
