2926 5034
645 515 688 582 11

181 688 237 780 gia
261 689 396 784 reliquis
423 690 613 764 hominibus
640 692 811 787 gaudere,
843 703 877 763 et
901 694 986 766 bane
1012 693 1145 766 obrem

180 801 298 872 melius
336 804 543 876 sensationes
581 808 728 878 internas
755 807 863 878 celare
888 809 1068 900 potuisse,
1110 815 1149 875 ut

69 1017 71 1022 Ι
180 925 325 986 mortem
350 918 460 987 minus
486 921 603 990 timere
628 921 832 991 viderentur.
883 921 950 990 Sed
976 942 1071 990 amor
1095 918 1148 987 vi-

180 1036 236 1096 tae
260 1027 388 1100 homini
411 1040 532 1102 natura
556 1034 715 1124 proprius
734 1042 805 1116 est,
831 1041 865 1103 et
880 1032 1036 1102 universe
1052 1051 1148 1099 mor·

182 1148 250 1208 tem
275 1161 408 1234 semper
433 1144 575 1237 quisque
599 1145 750 1225 timebit3
775 1145 835 1214 ubi
860 1143 1056 1236 ereptiones
1081 1163 1149 1210 no-

181 1263 294 1324 tantur
317 1258 352 1326 in
376 1256 553 1339 maleficis,
580 1257 729 1348 cynismo
756 1266 790 1326 et
814 1256 959 1326 vanitate
979 1253 1150 1335 adductis,

179 1365 263 1436 haee
299 1367 519 1437 indifferentia
555 1368 662 1458 magis
687 1368 764 1439 fieta
793 1377 887 1450 erat,
925 1389 1028 1460 quam
1052 1365 1150 1436 vani·

179 1487 283 1548 tatem
321 1479 467 1548 maxime
491 1480 526 1548 in
551 1479 743 1550 criminibus
769 1490 802 1550 et
826 1479 945 1573 poenis
970 1476 1149 1547 infamibus

178 1591 385 1673 invenimus,
427 1592 545 1662 volunt
575 1617 651 1663 eum
676 1594 787 1688 aliqua
812 1592 924 1685 speeie
948 1589 1090 1661 honoris
1115 1588 1150 1657 in

177 1704 334 1787 infamia,
366 1703 520 1775 ultimum
554 1707 754 1798 supplicium
788 1705 911 1777 subire.
961 1705 1147 1773 Numerum

176 1817 340 1910 majorem
374 1819 606 1909 exemplorum
636 1841 776 1910 possum
811 1819 940 1888 adferre
974 1814 1147 1885 malefico-

177 1951 253 1999 rum
278 1929 336 2023 qui
360 1929 457 1999 valde
481 1939 627 1999 mortem
652 1928 835 2012 timebant,
873 1937 907 1998 et
932 1936 1045 1996 statuo
1070 1924 1146 2016 ple-

176 2065 320 2134 rumque
344 2041 411 2112 boe
435 2042 588 2112 obtinere
614 2039 671 2137 (1).

226 2157 291 2226 Atii
340 2175 457 2223 rursus
501 2165 698 2245 argumenta
741 2153 940 2223 confirmare
982 2156 1147 2222 conantur

175 2266 339 2347 historia,
378 2287 422 2334 ex
460 2288 528 2357 qua
565 2275 742 2357 appareret
765 2266 918 2335 ultimum
944 2261 1145 2354 supplicium

176 2391 246 2450 tam
270 2401 409 2473 parvam
436 2378 504 2447 uim
527 2377 651 2448 babere
678 2378 712 2447 in
737 2375 893 2446 maleficis
920 2372 1145 2451 deterrendis,

176 2503 215 2562 ut
246 2493 281 2563 in
313 2491 426 2562 multis
461 2492 648 2562 civitatibus
682 2491 808 2561 mulctis
838 2487 975 2558 eaedem
999 2483 1144 2555 hominis

176 2607 351 2698 punirent,
386 2606 546 2696 quoniam
570 2605 724 2674 ultimum
750 2603 938 2694 supplicum
962 2621 1031 2668 non
1058 2619 1145 2689 poe-

175 2743 254 2788 nam
284 2719 364 2787 satis
389 2739 526 2807 gravem
552 2715 780 2786 aestimabant.
835 2715 881 2803 Cf.
907 2713 1141 2791 Temenum,

177 2833 236 2901 lois
268 2832 400 2922 penales
437 2831 475 2898 de
514 2831 548 2900 Ia
579 2830 707 2899 Frauce
740 2839 768 2896 et
805 2827 844 2894 de
882 2823 1085 2912 dAupleterre
1105 2843 1142 2912 p.

175 2945 329 3019 256-5
332 2946 389 3016 09.
445 2942 512 3012 Sed
552 2941 618 3012 hoe
651 2930 852 3033 argumento'
883 2935 947 3005 sibi
983 2933 1048 3026 ipsi
1082 2931 1143 3003 ad-

176 3067 374 3138 versantur;
411 3059 554 3136 mulcta,
585 3054 695 3124 caedis
728 3074 858 3144 poena,
897 3057 969 3120 erat
1001 3067 1144 3139 praero-

177 3173 325 3262 gativum
349 3168 516 3238 nobilibus
541 3168 576 3236 in
600 3165 651 3234 his
677 3165 889 3245 civitatibus,
915 3161 974 3230 sed
988 3159 1144 3229 homiues

175 3284 297 3376 plebeji
329 3281 457 3376 (vilains
492 3289 526 3350 et
551 3276 663 3374 seris),
701 3285 835 3370 praeter
859 3280 1047 3354 tormenta,
1080 3293 1144 3362 pa-

176 3394 282 3463 tibulo
316 3401 351 3461 et
374 3401 451 3463 rota
474 3392 708 3485 puniebantur.

226 3507 269 3575 Et
305 3515 415 3575 metus
453 3505 572 3574 mortis
609 3502 738 3573 homini
770 3511 890 3574 natura
921 3518 991 3567 non
1024 3493 1144 3564 insitus

177 3625 254 3691 est?
304 3619 451 3712 Adspice
484 3640 642 3712 aegrum,
685 3615 744 3708 qui
778 3616 1011 3709 operationem
1046 3606 1146 3678 dolo-

169 3807 434 3824 -ι-ι-ι
490 3797 495 3804 “

213 3915 261 3992 (1)
291 3915 355 3974 Gar.
387 3911 505 3970 Tribun.
534 3911 570 3970 21
591 3913 721 3986 Ferrier,
752 3911 771 3972 9
795 3911 959 3988 Septemb,
986 3911 1025 3972 26
1045 3912 1147 3975 octob.

177 4005 258 4065 1826.
291 4019 319 4064 et
338 4003 372 4063 21
395 4003 526 4078 Ferrier,
544 4005 577 4062 21
601 4004 679 4063 Mars
698 4001 870 4062 7-23-27
890 4002 968 4076 Mai,
997 4003 1035 4062 23
1053 4005 1148 4079 Juin‚

175 4095 214 4155 28
242 4098 340 4170 dont,
370 4095 513 4194 3⁴00t0h.
537 4095 618 4156 1827.
657 4096 753 4154 Revue
779 4093 849 4152 Rrit.
879 4093 1044 4172 Septembre
1065 4095 1146 4153 1827.

178 4199 231 4246 cet.
