2926 5034
659 488 677 551 li

156 665 259 757 ,lina
301 667 386 747 erit,
430 667 458 736 si
491 688 575 758 pure
610 677 668 738 aut
701 667 800 760 plane
834 669 978 739 existere
1012 649 1152 760 posset,

180 803 258 850 nam
291 789 363 850 tum
396 779 431 848 in
462 780 617 850 omnibus
638 779 807 873 judicibus
834 783 982 875 cognitio
1008 785 1156 874 perlecta

180 902 215 962 et
246 892 363 963 intima
394 891 569 964 hominum
602 892 758 984 fingenda
792 904 898 977 esset,
934 919 1021 988 quae
1051 918 1153 966 num-

182 1029 284 1099 quam
308 1006 344 1076 in
368 1005 426 1076 tali
450 1005 557 1098 gradu
583 1015 717 1076 exstare
742 1016 875 1098 potest,
901 1017 939 1077 ut
956 1031 1073 1078 omnes
1091 1008 1157 1077 ho-

179 1119 306 1200 mines,
341 1141 381 1188 ea
413 1118 563 1199 ratione,
598 1140 685 1210 quae
711 1119 833 1211 cuique
859 1120 1046 1212 specialiter
1071 1143 1155 1190 con-

182 1231 291 1314 venit,
329 1230 495 1323 pendant,
534 1240 567 1300 et
603 1231 651 1302 ita
688 1231 836 1302 actiones
871 1232 1019 1302 diversas
1052 1233 1174 1302 retri-·

179 1343 295 1414 lauant.
353 1344 533 1412 Praeterea
564 1342 647 1413 haec
680 1343 811 1414 theoria
846 1343 945 1414 nimis
984 1344 1156 1416 exclusive
1199 1397 1201 1403 .

180 1455 291 1525 solum
317 1464 445 1547 spectat
468 1454 665 1539 malificum,
690 1457 781 1528 nulla
805 1456 936 1528 ratione
960 1455 1074 1528 habita
1098 1481 1154 1527 re·

181 1566 384 1659 quisitorum
418 1589 505 1660 quae
538 1569 729 1638 necessario
762 1570 924 1639 accedunt
949 1570 1068 1662 poenis
1095 1594 1153 1641 ra-

178 1677 371 1750 tionalibus.
437 1682 486 1774 Cf.
524 1682 636 1751 Jacob.
650 1743 654 1752 .
665 1682 920 1774 philosopliscle
953 1684 1154 1754 nectareae

180 1796 259 1866 oder
283 1793 490 1864 Noturrccltt.
539 1796 637 1864 Helle
661 1796 762 1866 4802.

228 1907 270 1976 ll.
321 1907 477 1976 Tnuomn
507 1927 792 1976 nunxrommoms
823 1928 991 1992 nonnis,
1025 1905 1154 2002 (Mora-
1224 1895 1229 1904 ¹

179 2017 283 2090 lischc
307 2015 667 2112 Besserungstheorie).
718 2020 879 2089 Hownnn
904 2021 1051 2090 maxime
1075 2019 1155 2090 huic

179 2131 330 2202 theoriae
365 2132 515 2214 deditus,
553 2131 659 2224 magis
694 2131 914 2203 admiratione
949 2132 1068 2225 dignus
1103 2142 1154 2202 est

181 2253 322 2336 propter
355 2233 568 2312 humanitatis
595 2265 764 2324 amorem,
799 2267 901 2336 quam
927 2245 1154 2338 cognitionem

179 2357 364 2427 hominum.
422 2357 498 2426 Hoc
543 2365 690 2448 systema
731 2356 930 2446 praesertim
966 2357 1073 2427 tendit
1110 2356 1153 2428 ad

180 2469 468 2542 ameliorationem
505 2469 669 2539 moralem
701 2467 860 2552 malefici,
899 2469 993 2561 quod
1025 2469 1153 2560 princi-

180 2584 274 2676 pium
302 2604 458 2675 magnam
489 2581 559 2652 vim
586 2580 711 2651 habere
737 2581 836 2652 debet
860 2580 895 2652 in
919 2582 1038 2674 poenis
1064 2583 1154 2654 intli-

179 2696 308 2790 gendis.

228 2810 304 2878 Hoc
328 2815 440 2876 tamen
465 2803 745 2876 considerandum
771 2813 840 2886 est,
867 2804 1154 2878 ameliorationem

180 2944 386 3016 quamquam
418 2915 490 3014 ejus
524 2917 611 2988 ratio
644 2916 798 2990 habenda
827 2917 937 2988 estin
961 2919 1152 3010 puniendo,
1195 2937 1211 2950 ·

179 3059 364 3128 numquam
400 3043 513 3104 tamen
549 3031 660 3100 solum
694 3040 727 3100 et
759 3030 976 3123 principalem
1011 3053 1151 3126 scopum

180 3171 311 3242 poenae
337 3169 411 3216 esse
437 3145 569 3216 debere.

228 3265 274 3334 Et
305 3263 498 3353 praeterea,
533 3255 650 3327 dubito
684 3279 728 3326 an
760 3254 834 3326 finis
867 3254 922 3324 hic
955 3254 1048 3324 omni
1074 3277 1153 3325 sen-

182 3399 222 3446 su
254 3375 318 3444 hac
349 3372 481 3444 ratione
505 3390 656 3461 unquam
681 3368 883 3440 obtineatur.
933 3368 1153 3438 Amelioratio

180 3485 317 3560 moralis
363 3494 434 3554 tum
481 3482 612 3562 existit,
659 3503 765 3573 quum
811 3479 1004 3550 evolutione
1049 3479 1155 3551 libera

181 3622 299 3672 sensus
341 3596 497 3677 moralis,
540 3594 652 3666 amor‘
677 3592 810 3663 virtutis
853 3603 887 3663 et
918 3593 1043 3665 horror
1075 3594 1154 3664 mali

179 3714 337 3786 nascitur.
396 3713 449 3781 An
486 3731 599 3801 poena
634 3707 721 3778 hano
755 3706 983 3779 evolutionem
1014 3706 1154 3778 liberam

180 3847 298 3899 sensus
339 3822 500 3903 moralis,
551 3820 646 3913 cujus
689 3827 765 3888 ante
806 3820 935 3890 nullum
976 3819 1155 3912 vestigium

168 3950 270 4021 erat,
295 3938 484 4031 producere
509 3934 637 4028 possit,
664 3931 893 4026 quaerendum
919 3941 980 4002 est.
1031 3935 1156 4002 Puram

181 4063 271 4123 certe
297 4049 583 4124 ameliorationem
608 4045 789 4128 moralem,
815 4045 873 4115 ubi
898 4045 1000 4115 timor
1024 4068 1155 4138 poenac

183 4167 349 4238 maleficos
389 4191 408 4236 a
447 4161 573 4236 delictis
599 4159 738 4239 retinet,
776 4179 846 4228 non
871 4158 1021 4230 admitto.
1081 4159 1156 4226 Hoc
