2926 5034
768 513 813 581 58

356 696 452 777 Quae
486 693 589 762 morti
623 717 685 785 per
719 695 975 786 suspensionem
1002 705 1036 764 et
1061 695 1279 788 strangulati-

306 829 406 876 onem
444 805 636 876 communia
675 817 771 889 sunt,
820 808 999 902 conjuncta
1036 809 1279 890 tractabimus,

304 919 364 988 sed
399 941 504 1011 quum
536 919 728 988 necessario
760 919 883 990 diversi
910 921 1137 991 exsecutionis
1162 921 1279 1002 modi,

304 1031 405 1102 etiam
430 1031 583 1102 ellectum
609 1031 779 1102 diversum
800 1034 990 1125 producere
1009 1033 1154 1118 debent,
1182 1034 1277 1106 dein·

305 1143 347 1214 de
382 1143 423 1212 de
456 1141 508 1212 his
543 1143 734 1214 differentiis
761 1147 928 1240 quaedam
954 1147 1189 1219 annotabimus
1218 1172 1275 1218 se-

303 1256 458 1350 paratim.

291 1461 294 1472 ι
352 1371 543 1463 Antequam
568 1393 679 1439 meam
705 1371 901 1464 opinionem
927 1369 1105 1442 declarabo
1132 1371 1173 1441 de
1198 1393 1278 1441 mo·

305 1483 349 1554 do
389 1505 459 1575 quo
496 1503 590 1550 mors
629 1485 852 1573 suspensione
889 1481 1112 1576 producitur,
1164 1492 1199 1552 et
1238 1483 1280 1553 de

304 1579 553 1672 consequentiis
587 1577 665 1648 inde
697 1580 925 1661 deducendis,
959 1581 1137 1672 opiniones
1165 1581 1279 1651 diver-

305 1713 422 1761 sorum
456 1687 660 1782 scriptorum
695 1713 865 1784 exponam
891 1701 925 1762 et
947 1691 1095 1763 breviter
1119 1715 1279 1784 perscru-

302 1805 412 1876 tabor.
472 1803 688 1895 Quamquam
722 1805 819 1876 valde
853 1805 986 1876 differre
1019 1803 1219 1874 videbantur
1248 1805 1278 1875 si

303 1917 421 1988 leviter
447 1917 628 1988 sententias
655 1939 774 1986 eorum
798 1917 1035 2008 inspiciamus,
1066 1926 1178 1987 tamen
1203 1940 1278 2017 ma-

304 2032 355 2125 gis
381 2031 525 2100 invicem
551 2029 733 2110 accedunt,
775 2052 878 2123 quam
904 2053 925 2100 a
950 2029 1057 2123 priori
1082 2030 1247 2100 crederes.

353 2143 409 2212 Sic
432 2143 670 2224 anrscnnsn,
696 2141 913 2238 Wnnennej,
938 2145 1104 2225 Essene,
1129 2145 1286 2214 nasim-

305 2277 393 2337 nns,
432 2263 490 2325 aut
526 2263 674 2325 mortem
707 2278 771 2348 per
804 2256 1003 2350 aspbyxiam
1029 2265 1088 2327 aut
1111 2280 1174 2350 per
1199 2279 1286 2350 apo·

307 2369 456 2463 plexiam
481 2367 680 2450 admittunt,
705 2377 809 2459 prout
833 2369 974 2462 laqueus
997 2391 1101 2459 supra
1118 2377 1177 2438 aut
1196 2370 1283 2440 inira

303 2484 478 2574 laryngem
504 2479 653 2569 ponitur.

352 2594 528 2672 maneri,
573 2591 701 2673 Perrr,
734 2591 861 2671 Loms,
895 2592 1110 2674 Dumnaci,
1144 2613 1281 2664 eausam

305 2706 425 2776 mortis
458 2703 667 2774 luxationem
704 2703 937 2774 vertebrarum
962 2706 1063 2789 colli,
1098 2715 1132 2776 et
1156 2706 1282 2778 laesio-

303 2843 382 2889 nem
405 2817 570 2886 medullae
597 2815 798 2906 oblongatae
822 2816 956 2886 habent.

356 2931 527 3007 Rouana,
565 2907 679 3006 Briau,
714 2949 850 2996 causam
884 2929 1002 2997 mortis
1028 2927 1153 2998 babent
1177 2953 1281 3021 para-

305 3039 393 3133 lysin
440 3058 622 3106 nervorum
661 3037 912 3129 respirationis,
960 3049 993 3108 et
1030 3040 1282 3113 circulationem

305 3151 519 3246 impeditam,
559 3151 796 3221 constrictione
821 3151 933 3245 laquei
957 3152 1169 3244 productam.

360 3267 399 3338 G.
435 3267 590 3337 Scnueze
636 3264 804 3346 declarat,
852 3264 1030 3336 medullam
1069 3265 1285 3361 oblongatam

310 3380 564 3473 congestionem
589 3377 831 3470 apopleeticam
856 3378 945 3470 pati,
980 3387 1013 3449 et
1037 3378 1124 3449 hanc
1149 3380 1282 3452 obrem

309 3494 497 3566 functiones
522 3491 688 3583 impediri.

360 3606 466 3674 Orfila
503 3624 638 3672 eausam
671 3600 773 3672 habet
796 3603 1110 3676 transmutationem
1133 3607 1280 3698 impedi-

308 3726 377 3787 tam
412 3714 582 3807 sangninis
616 3713 736 3783 venosi
758 3714 794 3784 in
820 3716 1036 3800 arteriosam,
1056 3727 1107 3788 ·el
1131 3721 1282 3790 Wnnrrs

308 3853 445 3924 quoque
470 3829 549 3899 huic
574 3827 726 3920 opinioni
751 3826 922 3911 addictus,
948 3830 1283 3924 aspbyxiamprima·

309 3944 414 4026 mam,
450 3951 483 4011 et
513 3940 681 4035 paralysin
713 3939 919 4011 cerebralem
945 3943 1176 4014 secundariam
1202 3969 1285 4016 cau-

309 4080 381 4130 sam
405 4055 525 4128 mortis
551 4053 705 4126 admittit.

362 4171 500 4239 Sronrn
535 4179 568 4238 et
601 4189 668 4238 vsu
693 4189 760 4238 nnn
787 4167 993 4264 Onvnn.qui
1018 4181 1136 4243 nostra
1161 4172 1195 4244 in
1221 4197 1285 4265 pa-
