2926 5034
186 695 189 702 “
287 699 434 783 systema
474 691 508 760 in
552 691 683 764 theoria
725 693 878 785 profecto
918 691 1149 762 admirandum
1189 699 1263 772 est,

285 803 313 872 si
347 803 381 872 in
415 803 484 873 vita
516 805 662 895 practica
695 806 839 886 valeret,
873 803 908 873 id
933 805 1039 896 magis
1067 803 1262 875 adscriben-

288 915 368 986 dum
402 925 557 1007 putarem
587 917 726 988 theoriis
760 917 1009 1010 praeventionis
1037 926 1095 986 aut
1122 917 1264 986 deterri-

289 1028 415 1111 tionis„
461 1051 540 1098 nam
585 1039 657 1098 tum
704 1031 913 1101 amelioratio
956 1029 1063 1122 magis
1101 1029 1143 1100 ad
1181 1030 1265 1100 haec

290 1151 464 1234 postrema
488 1142 663 1212 referenda
688 1152 776 1211 sunt.

341 1255 376 1324 Si
410 1255 590 1347 aliquando
621 1277 706 1346 pure
733 1263 766 1325 et
791 1255 890 1347 plane
916 1265 1055 1346 apparet
1079 1254 1114 1322 in
1140 1253 1264 1345 agonia

290 1367 429 1450 mortis,
467 1377 540 1437 tum
572 1367 679 1458 magis
713 1377 764 1437 est
797 1367 1004 1438 amelioratio
1030 1375 1267 1436 momentanea

292 1479 490 1560 artificialis,
529 1487 562 1547 et
599 1481 752 1570 profecto
786 1502 906 1571 parum
940 1479 1052 1550 valere
1086 1489 1199 1570 potest
1231 1480 1266 1549 in

293 1592 363 1661 vita
387 1591 545 1682 practica.
735 1668 738 1674 ,

342 1705 400 1772 111.
463 1703 619 1772 Tuscum
659 1723 922 1774 nnunnturroms
960 1727 1119 1776 ninucrn.
1185 1705 1267 1798 (Un-

294 1815 481 1888 mittelbare
511 1814 947 1912 Abschrekkungstheorie).
1005 1819 1136 1910 Scopus
1166 1841 1268 1910 prae-

296 1929 414 2022 cipuus
449 1949 581 2020 poenae
606 1926 661 1996 hic
685 1927 720 1996 in
745 1927 877 1999 theoria
903 1940 975 2012 est,
1010 1941 1048 2000 ut
1074 1931 1128 2001 alii
1153 1931 1188 2000 in
1213 1933 1268 2000 lu-

295 2045 410 2112 turum
434 2042 541 2122 malo,
569 2061 638 2132 quo
655 2041 824 2110 maleficos
839 2042 1046 2125 afficiuntur,
1074 2043 1269 2113 deterrean-

296 2165 362 2225 tur.
436 2153 503 2223 Sed
544 2175 761 2247 nequaquam
805 2152 860 2222 hic
906 2178 1030 2250 scopus
1076 2155 1267 2248 principalis

295 2290 427 2360 poenae
452 2266 624 2336 rationalis
651 2289 726 2336 esse
752 2265 872 2348 debet,
901 2285 993 2340 ¹nam
1017 2279 1089 2338 tum
1114 2271 1268 2361 prolecto

297 2401 428 2473 poenae
467 2379 717 2449 crudelissimae
755 2387 788 2448 et
826 2380 1008 2450 admodum
1046 2383 1268 2461 inhumanae,

295 2493 442 2563 maxime
484 2492 562 2560 huic
595 2491 652 2558 fini
686 2491 913 2560 convenirent.
972 2489 1016 2561 Et
1049 2502 1139 2562 certe
1173 2493 1269 2562 triste

294 2609 405 2686 foret,
439 2603 468 2672 si
502 2602 662 2673 securitas
696 2613 814 2673 nostra
838 2606 1072 2675 tantummodo
1097 2605 1132 2674 iu
1158 2605 1268 2678 cruci-

295 2717 463 2789 ationibus
490 2725 523 2786 et
539 2715 634 2786 malis
653 2715 795 2786 aliorum
814 2719 1007 2810 quaerenda
1023 2729 1122 2788 esset.
1163 2719 1268 2801 Quis-

186 2833 188 2840 ’
298 2853 391 2902 roan
427 2841 460 2900 ct
484 2831 627 2898 Bsunun
651 2828 739 2897 inter
765 2829 868 2911 alios,
893 2833 1042 2900 fautores
1067 2832 1267 2924 principales

298 2947 433 3014 luerunt
457 2941 557 3033 hujus
584 2941 784 3032 systematis

345 3057 384 3124 In
408 3051 538 3144 legibus
564 3052 750 3144 Anglorum
768 3052 965 3144 poenalibus
982 3053 1170 3124 invenimus
1189 3077 1268 3148 spe-

296 3168 405 3238 cimen
440 3164 540 3258 hujus
578 3165 729 3236 theoriae
759 3165 1006 3248 modificatum,
1045 3168 1103 3238 ubi
1137 3191 1268 3260 poenae

297 3281 397 3351 etiam
431 3278 607 3348 criminum
631 3277 821 3359 leviorum,
851 3279 1024 3369 graviores
1050 3281 1120 3351 imo
1146 3281 1268 3351 crude-

293 3393 395 3464 liores
422 3402 518 3474 sunt,
556 3399 594 3462 ut
620 3391 675 3462 alii
700 3391 931 3462 deterreantur
956 3390 1012 3490 (1).
1065 3395 1179 3478 Quum
1205 3417 1268 3464 au-

335 3739 382 3815 (l)
402 3739 524 3796 llurtum
555 3737 591 3795 12
618 3759 725 3814 peuce,
751 3753 835 3798 antea
862 3747 1034 3817 puniebatur
1060 3757 1161 3803 morte.
1210 3743 1270 3802 Rex

298 3831 444 3888 Gronerus
470 3830 522 3887 lv.
541 3832 596 3887 hoc
627 3842 766 3889 statutum
792 3837 930 3902 mutavit,
964 3847 992 3892 et
1018 3855 1138 3910 poenam
1165 3841 1272 3912 capita·

298 3925 353 3980 lem
393 3924 533 3996 indigebat
567 3924 651 3978 furtis
677 3925 714 3979 ad
742 3921 785 3979 15.
812 3923 874 3980 Liv.
903 3923 988 3982 Sterl.
1018 3929 1272 3998 adscendentibus,

296 4034 373 4072 anno
405 4010 486 4070 1810.
511 4044 551 4056 -
587 4011 681 4070 Poena
708 4017 808 4070 mortis
835 4019 980 4090 sequentia
1008 4021 1124 4075 crimina
1155 4021 1272 4074 lueban-

296 4117 361 4164 tur:
408 4103 533 4162 Imitatio
569 4105 665 4179 sigilli,
712 4106 742 4160 in
771 4105 886 4178 pulvere
915 4107 951 4162 ad
981 4127 1090 4163 comam
1119 4109 1271 4164 albandam

297 4198 430 4266 adhibiti,
471 4193 675 4271 (haarpoeder)
704 4215 733 4250 n.
759 4193 806 4252 35.
836 4195 935 4252 Gnoso
962 4193 1017 4250 ΙΙΙ.
1051 4195 1082 4252 U.
1109 4193 1155 4254 19.
1189 4197 1270 4255 1795.
