2922 5024
624 467 689 538 155

217 649 380 731 Universa
414 651 485 745 jam
524 675 626 744 snpra
663 653 704 722 de
731 653 956 726 delatratione
983 655 1136 748 egimus,

169 789 256 858 quae
281 765 528 858 perspicuitatis
556 787 657 836 causa
683 788 724 834 eo
750 767 827 836 loco
853 767 1047 858 attingenda
1072 791 1138 838 no-

166 879 216 948 his
252 888 347 960 erat,
397 879 455 950 nbi
491 901 619 972 poenas
653 877 827 971 psychicos
859 880 1006 971 generali
1031 881 1136 950 modo

167 991 470 1084 perscrutabamur.
529 992 591 1062 Hic
630 1013 712 1083 ergo
738 991 971 1062 tantummodo
998 992 1137 1062 conclu-

169 1104 300 1183 dimus;
347 1102 483 1175 infamia
515 1105 601 1199 juris
641 1104 676 1174 in
715 1103 908 1186 abstracte,
950 1127 1011 1196 per
1045 1104 1137 1174 sesi

167 1242 235 1288 non
271 1241 347 1288 oum
379 1216 516 1288 infamia
548 1217 626 1288 lacti
651 1217 830 1311 conjuncta
854 1228 927 1300 est,
970 1217 1138 1288 anomalia

144 1339 224 1401 ·aut
258 1329 427 1399 somnium
461 1339 529 1409 est;
565 1339 701 1410 contra,
739 1329 873 1402 infamia
903 1329 982 1401 lacti
1006 1353 1137 1424 nequa-

167 1465 267 1537 quam
312 1441 440 1532 indiget
474 1441 727 1512 confirmatione
760 1441 917 1514 infamiae
947 1436 1068 1537 juris(
1101 1453 1140 1512 ut

167 1556 320 1626 ellectum
345 1553 477 1626 habeat.
538 1554 727 1638 Quemnam
752 1577 893 1648 scopum
918 1555 1003 1628 haec
1027 1578 1140 1649 poena
1224 1605 1226 1610 -

169 1666 272 1759 igitur
296 1665 421 1736 hahere
445 1676 559 1760 potest
584 1663 657 1762 (l)‘l
698 1668 888 1740 Delamatio
907 1692 1041 1762 semper
1058 1693 1138 1762 per·

168 1789 270 1872 petua
295 1789 369 1862 est,
402 1779 480 1850 licet
505 1780 561 1850 lex
586 1779 754 1850 interdum
780 1805 855 1852 eam
872 1782 1139 1856 rehalrilitatioue

168 1893 364 1986 extinguere
399 1902 559 1975 conetur,
593 1915 680 1986 quae
713 1892 804 1962 fictio
838 1905 890 1964 est
914 1895 1138 1968 minimeva-

166 2005 237 2078 lens
266 2016 385 2078 contra
410 2006 605 2098 opinionem
631 2003 810 2096 publicam.

217 2120 320 2204 Quod
346 2119 389 2190 ad
415 2118 688 2210 degradationem
713 2117 888 2208 partialem
914 2129 973 2192 aut
997 2121 1136 2194 totalem

165 2233 309 2316 attinet,
342 2232 426 2304 haec
451 2228 575 2322 duplici
600 2228 704 2298 modo
732 2229 936 2302 considerari
962 2243 1086 2324 potest.
1212 2245 1216 2252 '

167 2349 198 2416 1.
253 2344 459 2438 Degradatio
482 2341 610 2436 jurium
636 2340 782 2412 civilium
806 2341 840 2410 in
866 2343 1060 2429 abstracto,
1086 2347 1134 2416 si-

260 2481 303 2528 ne
329 2458 401 2528 aliis
425 2455 556 2549 poenis.

160 2575 195 2640 2.
254 2571 460 2660 Degradatio
491 2568 620 2663 jurium
650 2565 796 2637 civilium
827 2577 866 2636 ut
891 2571 1131 2664 consequentia

264 2681 453 2752 necessaria
477 2703 663 2772 poenarum
689 2679 840 2748 aliarum.

17 2809 20 2874 s
86 2841 88 2846 ·
214 2792 420 2885 Degradatio
441 2793 569 2887 jurium
598 2791 745 2862 civilium
769 2792 803 2862 in
829 2791 998 2864 abstracto
1024 2796 1135 2887 appli-

165 2916 259 2988 cata,
290 2916 341 2978 est
364 2929 476 2999 poena
500 2905 623 2976 inutilis
650 2914 684 2974 et
707 2904 844 2975 minime
870 2927 976 2998 scopo
1001 2931 1134 3002 propo-

164 3019 229 3088 sito
268 3021 461 3113 respondet.
522 3020 649 3091 Omnes
687 3019 841 3108 prolecto
873 3018 956 3090 mibi
990 3034 1133 3094 conten-

17 3125 19 3142 '
68 3223 72 3236 .
163 3131 254 3202 denti
280 3133 530 3213 assentiuntur,
572 3130 673 3200 talem
697 3149 862 3220 poenam,
892 3154 980 3223 quae
1006 3134 1132 3206 indivi-

163 3243 231 3313 duo
258 3265 394 3316 omnem
419 3243 701 3316 existimationem
734 3249 767 3310 et
797 3241 991 3334 dignitatem
1015 3269 1134 3320 mora-

161 3355 249 3439 lem,
289 3381 391 3452 qnam
417 3357 561 3427 sooietas
587 3353 715 3426 homini
741 3353 889 3426 tribuere
915 3357 1020 3440 solet,
1062 3383 1134 3430 non

161 3469 279 3540 leviter
309 3470 524 3564 infligendam
554 3490 647 3550 esse,
686 3490 769 3561 ergo
802 3471 1036 3542 tantummodo
1063 3472 1132 3545 ori-

190 3904 240 3984 (l)
271 3905 384 3962 Gannor
413 3911 432 3962 l.
452 3911 471 3962 l.
501 3912 542 3962 ad
573 3921 631 3966 art.
660 3905 699 3965 20
721 3920 789 3966 tom.
819 3905 835 3964 I
871 3910 1025 3966 introduct.
1048 3930 1078 3980 p.
1100 3909 1127 3968 5.

154 3993 196 4054 La
218 3999 368 4054 fletrissure
399 4003 527 4072 pre'sente
558 4019 593 4054 en
620 3999 683 4055 effet
714 4001 762 4056 des
781 4002 992 4057 inconveniente
1010 4003 1126 4074 auquels

152 4089 186 4143 ils
213 4100 255 4144 est
276 4089 433 4163 impossible
463 4089 497 4144 de
523 4109 622 4164 parer,
660 4111 724 4148 sans
755 4110 809 4165 que
836 4093 932 4164 jamnis
958 4093 1010 4148 elle
1034 4093 1124 4166 puisse

157 4181 215 4237 ttre
235 4177 319 4237 d'une
340 4181 432 4238 utilite
454 4179 519 4237 bien
537 4181 630 4236 re'elle.
