2922 5024
639 503 700 571 79¹

226 686 352 756 Omnes
393 685 503 754 statim
538 692 631 778 post
648 687 904 778 suspensionem
939 690 1145 772 immobiles,

176 809 254 890 post
279 806 332 894 {—
349 798 392 881 1}
417 798 495 866 min.
523 808 635 868 motus
662 799 818 880 violenti,
853 801 975 870 sensim
1001 803 1144 870 sensim·
1194 799 1198 812 ’

176 935 243 1004 que
288 913 528 980 decrescentes.
588 914 625 980 Iu
658 913 751 982 nullo
785 911 992 982 luxationem
1026 915 1145 984 ohser-

174 1024 277 1105 vavi,
328 1025 417 1115 apud
448 1047 507 1092 eos
540 1025 718 1118 nequidem
755 1025 812 1116 qui
846 1047 922 1092 cum
958 1026 1143 1118 dejectione

176 1136 331 1228 suspensi
355 1139 496 1206 fuerant.

226 1247 440 1342 Quamquam
473 1249 587 1341 praxis
622 1249 771 1318 theoriae
806 1271 875 1318 non
908 1247 1006 1339 plane
1040 1248 1144 1320 hocce

176 1370 332 1452 respectu
373 1362 579 1452 respondet,
624 1361 690 1429 hoc
724 1372 836 1430 tamen
872 1361 1141 1430 concludendum

177 1482 238 1542 est.

195 1648 197 1654 ,
229 1588 259 1654 1.
295 1586 521 1665 Structuram,
547 1595 581 1654 et
604 1586 767 1678 majorem
790 1595 848 1655 aut
869 1586 1034 1657 minorem
1051 1609 1144 1659 oras-

174 1698 352 1767 situdinem
385 1697 518 1791 laquei,
560 1699 640 1767 nihil
666 1709 724 1768 aut
749 1721 868 1790 parum
896 1707 984 1768 certe
1010 1700 1141 1781 valere,

174 1809 216 1880 ad
237 1820 382 1878 mortem
408 1810 546 1880 celerius
574 1811 826 1902 producendam
850 1811 884 1879 in
910 1803 1142 1902 suspensione.

222 1927 256 1992 2.
291 1925 408 2018 Neque
438 1923 580 1992 multum
605 1921 786 2004 interesse,
818 1933 932 1992 utrum
958 1945 1140 2016 suspensus

173 2035 214 2106 ab
249 2036 422 2106 altitudine
458 2035 632 2128 dejiciatur
663 2059 727 2103 nec
758 2058 819 2116 ne,
861 2059 972 2127 neque
1003 2036 1140 2130 dejecti-

173 2171 274 2216 onem
310 2171 386 2216 cum
420 2148 548 2239 impetu
581 2147 737 2217 universe
770 2148 976 2219 luxationem
1009 2149 1139 2240 produ·

172 2281 248 2327 cere
273 2279 386 2349 posse.

222 2370 324 2452 Quod
358 2369 400 2440 ad
424 2379 569 2439 mortem
594 2393 655 2462 per
680 2372 976 2463 strangulationem
1003 2372 1137 2450 attinet;

170 2483 255 2553 hanc
286 2483 408 2552 scimus
433 2483 505 2552 fieri
530 2484 634 2553 modo
660 2485 831 2576 sequenti;
856 2483 979 2552 misera
995 2483 1037 2554 ad
1053 2483 1139 2554 hanc

170 2619 315 2688 poenam
348 2596 588 2677 condemnata,
622 2597 774 2687 alligatur
807 2597 885 2688 palo
912 2597 1137 2689 strangulato-

169 2703 241 2789 rio,
276 2717 310 2776 et
334 2708 436 2799 pedes
462 2717 635 2798 ponuntur
660 2708 695 2775 in
722 2709 876 2777 scabello.
894 2699 943 2762 -'-
980 2712 1136 2802 Laqueus

168 2820 385 2890 horizoutalis
424 2843 444 2889 a
477 2829 573 2910 tergo
608 2819 848 2912 constringitur
880 2842 942 2910 per
973 2821 1138 2890 foramina

170 2957 256 3026 quae
283 2933 317 3002 in
342 2933 420 3024 palo
447 2932 679 3014 inveniuntur,
712 2944 746 3001 et
771 2935 920 3002 aufertur
946 2934 1136 3004 scabellum.

217 3046 327 3126 Ante,
361 3067 465 3137 quum
499 3045 667 3114 crederem
704 3055 849 3115 mortem
874 3070 936 3138 per
962 3048 1136 3140 suspensi-

170 3179 269 3227 onem
302 3157 481 3248 praecipue
515 3158 658 3249 produci
688 3159 861 3227 luxatione
886 3161 1137 3242 vertebrarum,

169 3280 203 3338 et
241 3291 347 3361 quum
384 3269 470 3339 hanc
502 3271 708 3342 luxationem
742 3270 966 3340 adscriberem
997 3272 1138 3363 impetui

170 3390 228 3450 aut
264 3381 369 3474 jactui
412 3381 471 3474 qui
504 3383 692 3463 accidebat,
735 3383 838 3452 verba
871 3382 934 3451 viri
971 3383 1059 3452 doct.
1095 3385 1136 3454 Α.

168 3495 289 3574 lllom,
315 3495 475 3564 Leerboclc
501 3497 558 3564 der
586 3498 661 3566 Ger.
688 3497 838 3566 Geceeslc.
856 3497 873 3564 l
889 3497 978 3566 Deel.
994 3519 1027 3586 p.
1046 3497 1137 3576 482,

166 3629 243 3677 mea
266 3606 437 3677 iecissem:
476 3659 498 3698 „
526 3609 592 3677 Het
615 3608 746 3700 haugen
773 3607 891 3696 sohijnt
917 3631 979 3677 ons
1008 3618 1066 3678 toc
1094 3608 1136 3678 de

169 3769 191 3808 „
216 3719 389 3788 voorkeur
427 3731 460 3790 te
498 3721 677 3790 verdienen
712 3745 756 3814 op
791 3721 848 3790 het
881 3743 1043 3813 worgen,
1087 3721 1137 3791 uit

168 3882 190 3922 ,‚
216 3831 341 3901 hoofde
360 3855 424 3902 tan
442 3834 506 3903 den
522 3833 579 3903 het
596 3844 704 3902 eerste
723 3834 993 3926 vergezellenden
1012 3833 1136 3915 sehon,

168 3983 189 4038 5,
216 3968 257 4014 eu
290 3945 347 4014 het
381 3948 549 4016 afstooten
582 3970 648 4016 van
681 3936 868 4017 de'ladder
902 3947 941 4015 of
958 3945 1017 4014 het
1041 3967 1137 4037 weg-

165 4058 269 4144 rijden
296 4059 355 4128 der
378 4059 470 4130 kar.’'
494 4105 544 4116 --
593 4061 691 4130 Nunc
716 4069 847 4139 autem,
885 4083 922 4128 re
948 4059 1139 4130 accuratius

167 4193 350 4263 perpensa,
385 4174 545 4265 opinione
571 4195 711 4264 prorsus
739 4172 906 4241 contraria
932 4191 1017 4240 sum.
