2926 5034
769 501 816 568 ld

303 685 401 764 dum,
428 704 533 775 quum
559 679 676 750 vitium
701 681 736 749 in
761 679 865 749 modo
891 680 1123 771 applicationis
1148 681 1275 752 haeret.

351 795 540 867 Adversarii
566 816 692 885 poenae
712 793 836 864 ‚morin
868 795 1023 864 sustineat
1047 796 1278 886 experientiam

304 931 484 1003 numquam
522 907 738 976 necessitatem
767 902 864 993 leupus
883 927 1010 995 poenae
1034 909 1214 988 ostcudcrc,
1253 920 1284 976 ct

303 1025 417 1094 ultimo
442 1020 622 1112 supplicio,
649 1019 733 1088 aliar
752 1040 876 1108 poenas
902 1042 1003 1113 oeque
1027 1043 1122 1112 scopo
1144 1041 1279 1112 respon·

307 1139 413 1206 dentes
439 1131 587 1204 substitui
607 1152 724 1221 posse,
748 1143 901 1199 statuunt.

353 1243 572 1338 Experientia
617 1249 707 1310 certe
747 1263 932 1334 numquam
974 1242 1099 1313 arbiter
1139 1243 1207 1314 boc
1243 1243 1279 1312 in

307 1381 388 1429 casu
425 1355 553 1432 admitti
586 1362 710 1446 potest.
768 1355 807 1422 ln
836 1355 953 1447 paucis
978 1353 1172 1448 regionibus
1197 1355 1278 1426 ulti·

304 1494 399 1540 mum
432 1466 632 1560 supplicium
665 1465 764 1555 plane
795 1465 957 1539 abolitum
988 1468 1070 1550 brit,
1103 1468 1196 1562 quod
1220 1477 1280 1538 aut

305 1580 486 1652 recentiori
517 1587 672 1670 tempore
708 1577 898 1648 institutum
931 1588 1002 1662 est,
1036 1589 1095 1650 aut
1124 1601 1194 1650 non
1220 1579 1277 1652 diu

306 1694 425 1786 viguit.
1308 1787 1310 1792 ,

357 1803 576 1876 Orationibus
608 1804 802 1874 Buccnnmu
827 1801 862 1872 in
886 1801 1026 1885 Russia,
1060 1804 1278 1876 Eursnnurrm

309 1929 343 1990 et
367 1919 566 1989 Carnarius
591 1917 624 1986 11
647 1913 884 2008 regnantibus,
915 1937 1027 2007 poena
1050 1918 1170 1990 mortis
1196 1918 1281 1989 abo-

305 2031 365 2102 lita
402 2030 482 2112 suit,
520 2037 634 2098 tamen
667 2028 822 2098 exsilium
846 2028 882 2097 in
911 2028 1075 2100 Siberiam
1098 2030 1222 2102 mansit
1246 2039 1281 2100 ct

305 2153 474 2214 tormenta
507 2139 715 2222 crudeliora,
752 2163 839 2233 quac
871 2139 991 2210 ultimo
1025 2143 1191 2235 supplicio
1217 2165 1277 2212 ae·

307 2279 412 2350 quare
437 2275 630 2347 possumus.
680 2254 806 2324 Postea
841 2251 925 2323 baec
960 2275 1073 2346 poena
1109 2256 1145 2327 in
1181 2277 1283 2326 usum

306 2376 471 2439 'revocata
516 2375 590 2446 est;
643 2365 733 2436 idem
774 2366 927 2434 videmus
973 2365 1008 2432 in
1048 2368 1281 2438 marchionato

308 2481 463 2552 Badensi.
539 2477 713 2547 Hodierno
768 2484 922 2566 tempore
970 2475 1130 2559 Finland,
1190 2479 1280 2548 Tus·

310 2594 362 2663 cia
405 2601 439 2660 ct
485 2588 669 2658 Louisiana
718 2588 907 2682 rejecerunt
946 2609 1093 2679 poenam
1138 2591 1280 2672 mortis,

310 2728 398 2797 quae
430 2704 464 2773 in
490 2700 641 2795 plurimis
667 2700 856 2771 civitatibus
880 2700 1025 2770 Amerio.
1056 2702 1282 2795 Septentrion.

308 2841 387 2889 raro
418 2817 614 2910 applicatur.
674 2814 742 2882 Sed
774 2813 982 2905 experientia
1018 2813 1099 2884 nibil
1136 2816 1282 2908 probare

308 2939 423 3021 potest
466 2927 533 2996 hoc
581 2925 616 2994 in
666 2945 770 3003 casu,
825 2925 992 3016 quoniam·
1026 2926 1178 2996 nondum
1225 2929 1282 2998 diu

308 3041 392 3110 haec
415 3037 553 3107 insituta
576 3035 765 3127 viguerunt.

357 3149 445 3220 Huic
469 3170 600 3241 poenae
627 3146 829 3216 substituere
854 3146 1021 3216 nonnullis
1046 3148 1190 3240 placuit,
1225 3173 1282 3222 se-

308 3261 493 3335 clusionem
524 3260 698 3332 latioribus
733 3269 792 3330 aut
824 3257 1024 3329 arctioribus
1059 3262 1179 3332 finibus
1215 3264 1282 3334 cir·

309 3375 564 3468 cumscriptam,
589 3371 647 3468 (sc.
673 3370 883 3465 deportatio,
909 3394 1015 3464 opera
1039 3383 1204 3468 perpetua
1220 3399 1282 3448 co·

310 3499 385 3559 acta
418 3496 477 3558 aut
510 3486 553 3556 ad
585 3493 714 3555 certum
747 3494 903 3577 tempus,
939 3486 1083 3558 seclusio
1109 3488 1282 3562 advitam

310 3611 368 3672 aut
392 3597 610 3690 temporalis,
643 3597 693 3664 &⁸
717 3596 787 3694 δι’).

358 3709 527 3803 Equidem
545 3707 652 3781 credo
678 3711 830 3801 prolecto
857 3733 1026 3784 carcerem
1052 3714 1173 3784 durum
1191 3713 1282 3784 Ans·

310 3821 413 3905 triae‚
448 3831 506 3893 aut
538 3821 687 3892 strictam
717 3822 974 3916 appbcationem
999 3825 1169 3919 regiminis
1195 3826 1285 3896 Pen-

312 3935 471 4030 sylvanici
520 3935 725 4017 severioris,
775 3935 888 4006 mrtltis
939 3939 1162 4009 crudeliorem
1210 3940 1286 4009 lore

312 4051 424 4144 poena
463 4047 604 4127 mortis;
652 4047 711 4117 scd
749 4047 865 4119 dubito
898 4060 1013 4120 utrum
1046 4051 1145 4144 plane
1177 4051 1285 4124 ultimi

313 4160 466 4256 supplicii
500 4160 655 4232 omnibus
690 4159 858 4254 requisitis
893 4163 1141 4257 respondeant,
1184 4188 1284 4259 prae-
