2926 5034
655 507 701 576 73

195 710 333 769 sorum,
368 709 550 758 nervorum
585 701 618 758 et
643 691 773 760 viarum
798 690 1014 762 aeriferarum
1041 693 1164 763 admit-

193 801 249 882 tit,
287 823 357 870 non
390 800 550 893 intelligo.
605 802 716 872 Etiam
752 803 981 894 experimenta
1012 805 1163 898 ligaturis

191 912 343 982 instituta
371 913 501 984 fallacia
526 935 599 983 esse
626 914 770 996 debent,
805 915 965 1009 quoniam
991 918 1162 989 circulatio

180 1013 227 1094 vct
262 1025 439 1117 respiratio
474 1035 543 1095 tam
570 1035 661 1096 arcte
685 1028 772 1097 inter
797 1051 834 1098 se
862 1028 1041 1121 conjuncta
1067 1042 1164 1126 sunt,

194 1147 233 1207 ut
273 1147 428 1229 respectu
469 1140 619 1231 practico
653 1139 834 1232 separatim
867 1139 1062 1232 investigari
1096 1165 1164 1212 non

193 1249 344 1342 possint,
377 1249 443 1318 boc
476 1251 511 1320 in
543 1275 634 1322 casu.
684 1253 841 1344 Laqueus
867 1261 1044 1347 utramque
1069 1257 1166 1325 lunc-

192 1363 320 1432 tionem
352 1363 492 1453 impedit
525 1374 583 1433 aut
615 1364 656 1432 iis
687 1364 786 1454 plane
813 1363 982 1447 obstabit,
1017 1376 1052 1436 ct
1078 1392 1165 1461 qua·

194 1487 291 1545 tenus
326 1485 385 1546 aut
418 1497 522 1556 vasa,
558 1484 616 1545 aut
640 1476 757 1558 nervi,
792 1485 850 1546 aut
875 1499 996 1568 aspera
1021 1480 1166 1562 arteria,

191 1589 298 1680 magis
334 1587 457 1656 directe
491 1609 533 1656 eo
568 1587 778 1671 afficiuntur,
822 1599 1048 1681 symptomata
1081 1615 1168 1684 apo·

190 1701 331 1794 plectioa
356 1709 414 1770 aut
431 1699 622 1792 aspbyctica
639 1701 746 1793 magis
764 1701 966 1792 prodibunt,
994 1713 1027 1772 et
1044 1725 1166 1798 quam-

191 1837 292 1909 quam
325 1813 451 1906 positio
478 1821 511 1880 et
537 1815 744 1884 constructio
769 1815 899 1907 laquei,
937 1814 1058 1885 modus
1088 1839 1165 1886 sus-

189 1927 381 2019 pensionis,
424 1935 458 1996 ct
496 1926 692 1996 constitutio
728 1927 883 2018 suspensi
918 1926 1063 2019 aliquam
1096 1929 1165 1998 vim

189 2039 378 2120 habebunt,
410 2038 567 2108 universe
600 2049 713 2108 tamen
738 2036 918 2130 apoplexia
943 2047 977 2106 et
1002 2039 1166 2133 aspbyxia

189 2164 229 2222 ut
261 2175 364 2222 causa
389 2151 586 2243 conjuncta,
620 2151 739 2221 mortis
766 2152 988 2243 suspensione
1013 2153 1164 2245 produc-

189 2274 262 2344 tae,
297 2262 501 2334 admittenda
534 2272 621 2332 sunt.
1011 2278 1016 2288 ·

238 2379 335 2448 Hanc
378 2376 571 2469 opinionem
611 2376 810 2446 confirmare
843 2384 988 2468 possunt
1022 2387 1161 2448 eventus

189 2491 432 2562 obductionum
466 2489 538 2558 Viri
566 2490 614 2559 Cl.
640 2511 684 2560 nu
711 2491 869 2571 Rruuuu,
896 2488 1013 2582 quiin
1038 2491 1160 2582 pleris-

189 2627 255 2698 que
282 2584 501 2674 cadaveribus
528 2625 596 2671 non
623 2603 734 2671 solum
758 2596 1060 2673 accumulationem
1078 2627 1160 2674 san-

187 2715 297 2807 guinis
330 2715 366 2783 in
400 2714 559 2795 cerebro,
586 2714 645 2782 sed
671 2713 771 2782 ctiam
796 2713 830 2780 in
855 2713 1047 2782 ventriculis
1074 2717 1159 2785 dex·

187 2828 247 2896 tris
282 2823 417 2906 cordis,
452 2826 543 2896 etin
569 2825 657 2896 vasis
683 2825 854 2894 arteriosis
879 2823 1083 2919 venosisque
1107 2827 1158 2897 bis

187 2941 350 3022 adnexis,
388 2949 422 3008 ct
462 2939 497 3008 iu
538 2937 753 3030 pulmonibus
791 2937 926 3028 reperit.
988 2939 1043 3008 Ex
1088 2941 1159 3010 102

187 3054 358 3148 suspensis
385 3075 472 3144 quos
497 3050 686 3142 indagavit,
713 3051 735 3118 9
764 3049 937 3120 annotavit
962 3051 1052 3141 apud
1071 3075 1158 3146 quos

186 3175 411 3261 symptomata
435 3164 553 3234 mortis
579 3185 663 3255 pure
690 3161 916 3252 apoplccticae
943 3162 1091 3246 detexit,
1120 3191 1159 3238 a·

186 3281 257 3372 pud
295 3281 320 3348 6·
351 3286 481 3347 tantum
515 3281 741 3369 symptomata
765 3295 857 3341 mere
884 3272 1076 3365 asphyctica
1101 3277 1158 3346 in·

187 3401 288 3460 venta
313 3400 410 3472 suut,
447 3390 491 3458 19
518 3388 599 3457 nihil
623 3385 853 3479 probaverunt
877 3385 1081 3457 obductione
1106 3389 1160 3460 vi·

186 3504 293 3584 tiosa,
329 3502 388 3570 sed
423 3502 469 3572 68
504 3500 653 3592 reliquae
679 3498 874 3590 opinionem
899 3521 1009 3568 meam
1035 3503 1159 3572 confir-

186 3625 302 3698 mant,
329 3637 434 3706 quum
460 3614 500 3682 de
526 3613 617 3684 bisce
644 3611 782 3682 dicitur:
833 3663 856 3703 „
880 3613 928 3680 Es
947 3613 1069 3703 geselle
1089 3615 1160 3686 sich

186 3779 209 3820 ‚,
234 3753 277 3798 zu
314 3727 391 3796 dem
429 3726 616 3795 stiokssusse
650 3723 736 3794 auch
762 3724 839 3793 sehr
859 3726 914 3794 ost
940 3726 1159 3820 schlaglluss,

186 3892 208 3933 „
234 3842 319 3911 oder
354 3838 438 3931 gebe
472 3838 563 3907 wohl
596 3859 665 3907 von
691 3837 806 3930 jenem
838 3835 929 3906 ber.'’
980 3840 1030 3910 cf.
1064 3843 1160 3913 Hun-

184 3955 256 4024 uu's
290 3953 440 4024 Zeitsclar.
463 3955 489 4046 s.
515 3975 540 4020 a.
568 3976 598 4020 c.
627 3951 657 4020 lc.
686 3951 711 4018 5
738 3951 835 4020 band.
861 3949 1031 4042 Erlonpcn
1056 3955 1159 4028 4822.

233 4069 367 4138 Casu-m
402 4075 435 4136 et
467 4066 708 4134 Knouuuourz
744 4083 849 4154 quum
879 4061 1047 4134 interdum
1072 4066 1158 4136 banc

187 4164 321 4250 causam
360 4179 572 4273 conjunctam
607 4175 806 4256 admittunt,
848 4197 911 4266 pro
942 4185 1038 4267 parte
1063 4199 1159 4250 meae
